%YAML 1.1
%TAG !u! tag:unity3d.com,2011:
--- !u!1001 &100100000
Prefab:
  m_ObjectHideFlags: 1
  serializedVersion: 2
  m_Modification:
    m_TransformParent: {fileID: 0}
    m_Modifications: []
    m_RemovedComponents: []
  m_ParentPrefab: {fileID: 0}
  m_RootGameObject: {fileID: 1000013877625072}
  m_IsPrefabParent: 1
--- !u!1 &1000010342897198
GameObject:
  m_ObjectHideFlags: 0
  m_PrefabParentObject: {fileID: 0}
  m_PrefabInternal: {fileID: 100100000}
  serializedVersion: 4
  m_Component:
  - 4: {fileID: 4000012348843072}
  - 61: {fileID: 61000012434922504}
  - 114: {fileID: 114000011414727260}
  m_Layer: 0
  m_Name: ItemTrigger
  m_TagString: Untagged
  m_Icon: {fileID: 0}
  m_NavMeshLayer: 0
  m_StaticEditorFlags: 0
  m_IsActive: 1
--- !u!1 &1000010741412702
GameObject:
  m_ObjectHideFlags: 0
  m_PrefabParentObject: {fileID: 0}
  m_PrefabInternal: {fileID: 100100000}
  serializedVersion: 4
  m_Component:
  - 4: {fileID: 4000011242749204}
  - 61: {fileID: 61000011723310216}
  - 114: {fileID: 114000010487062918}
  m_Layer: 0
  m_Name: ItemTrigger (6)
  m_TagString: Untagged
  m_Icon: {fileID: 0}
  m_NavMeshLayer: 0
  m_StaticEditorFlags: 0
  m_IsActive: 1
--- !u!1 &1000010768070524
GameObject:
  m_ObjectHideFlags: 0
  m_PrefabParentObject: {fileID: 0}
  m_PrefabInternal: {fileID: 100100000}
  serializedVersion: 4
  m_Component:
  - 4: {fileID: 4000010830271054}
  - 61: {fileID: 61000010311503198}
  - 114: {fileID: 114000012096498222}
  m_Layer: 0
  m_Name: ItemTrigger (3)
  m_TagString: Untagged
  m_Icon: {fileID: 0}
  m_NavMeshLayer: 0
  m_StaticEditorFlags: 0
  m_IsActive: 1
--- !u!1 &1000011517438440
GameObject:
  m_ObjectHideFlags: 0
  m_PrefabParentObject: {fileID: 0}
  m_PrefabInternal: {fileID: 100100000}
  serializedVersion: 4
  m_Component:
  - 4: {fileID: 4000012075885114}
  - 61: {fileID: 61000010977108288}
  - 114: {fileID: 114000012723030374}
  m_Layer: 0
  m_Name: ItemTrigger (5)
  m_TagString: Untagged
  m_Icon: {fileID: 0}
  m_NavMeshLayer: 0
  m_StaticEditorFlags: 0
  m_IsActive: 1
--- !u!1 &1000013025417702
GameObject:
  m_ObjectHideFlags: 0
  m_PrefabParentObject: {fileID: 0}
  m_PrefabInternal: {fileID: 100100000}
  serializedVersion: 4
  m_Component:
  - 4: {fileID: 4000011396575190}
  - 61: {fileID: 61000011310101078}
  - 114: {fileID: 114000012967823442}
  m_Layer: 0
  m_Name: ItemTrigger (4)
  m_TagString: Untagged
  m_Icon: {fileID: 0}
  m_NavMeshLayer: 0
  m_StaticEditorFlags: 0
  m_IsActive: 1
--- !u!1 &1000013382466162
GameObject:
  m_ObjectHideFlags: 0
  m_PrefabParentObject: {fileID: 0}
  m_PrefabInternal: {fileID: 100100000}
  serializedVersion: 4
  m_Component:
  - 4: {fileID: 4000013984400554}
  - 61: {fileID: 61000010694935522}
  - 114: {fileID: 114000013455938992}
  m_Layer: 0
  m_Name: ItemTrigger (1)
  m_TagString: Untagged
  m_Icon: {fileID: 0}
  m_NavMeshLayer: 0
  m_StaticEditorFlags: 0
  m_IsActive: 1
--- !u!1 &1000013585515898
GameObject:
  m_ObjectHideFlags: 0
  m_PrefabParentObject: {fileID: 0}
  m_PrefabInternal: {fileID: 100100000}
  serializedVersion: 4
  m_Component:
  - 4: {fileID: 4000011748898160}
  - 61: {fileID: 61000010224022316}
  - 114: {fileID: 114000012230170700}
  m_Layer: 0
  m_Name: ItemTrigger (2)
  m_TagString: Untagged
  m_Icon: {fileID: 0}
  m_NavMeshLayer: 0
  m_StaticEditorFlags: 0
  m_IsActive: 1
--- !u!1 &1000013877625072
GameObject:
  m_ObjectHideFlags: 0
  m_PrefabParentObject: {fileID: 0}
  m_PrefabInternal: {fileID: 100100000}
  serializedVersion: 4
  m_Component:
  - 4: {fileID: 4000013290810622}
  - 212: {fileID: 212000011822740998}
  - 114: {fileID: 114000012988561040}
  - 50: {fileID: 50000010675301650}
  - 60: {fileID: 60000012300130886}
  - 114: {fileID: 114000011982764814}
  m_Layer: 0
  m_Name: level2item14
  m_TagString: Item
  m_Icon: {fileID: 0}
  m_NavMeshLayer: 0
  m_StaticEditorFlags: 0
  m_IsActive: 1
--- !u!4 &4000010830271054
Transform:
  m_ObjectHideFlags: 1
  m_PrefabParentObject: {fileID: 0}
  m_PrefabInternal: {fileID: 100100000}
  m_GameObject: {fileID: 1000010768070524}
  m_LocalRotation: {x: -0, y: -0, z: -0, w: 1}
  m_LocalPosition: {x: 0.89, y: -1.2199707, z: 0}
  m_LocalScale: {x: 1, y: 1, z: 1}
  m_LocalEulerAnglesHint: {x: 0, y: 0, z: 0}
  m_Children: []
  m_Father: {fileID: 4000013290810622}
  m_RootOrder: 3
--- !u!4 &4000011242749204
Transform:
  m_ObjectHideFlags: 1
  m_PrefabParentObject: {fileID: 0}
  m_PrefabInternal: {fileID: 100100000}
  m_GameObject: {fileID: 1000010741412702}
  m_LocalRotation: {x: -0, y: -0, z: -0, w: 1}
  m_LocalPosition: {x: 0.7, y: 1.4, z: 0}
  m_LocalScale: {x: 1, y: 1, z: 1}
  m_LocalEulerAnglesHint: {x: 0, y: 0, z: 0}
  m_Children: []
  m_Father: {fileID: 4000013290810622}
  m_RootOrder: 6
--- !u!4 &4000011396575190
Transform:
  m_ObjectHideFlags: 1
  m_PrefabParentObject: {fileID: 0}
  m_PrefabInternal: {fileID: 100100000}
  m_GameObject: {fileID: 1000013025417702}
  m_LocalRotation: {x: -0, y: -0, z: -0, w: 1}
  m_LocalPosition: {x: 1.67, y: -0.34, z: 0}
  m_LocalScale: {x: 1, y: 1, z: 1}
  m_LocalEulerAnglesHint: {x: 0, y: 0, z: 0}
  m_Children: []
  m_Father: {fileID: 4000013290810622}
  m_RootOrder: 4
--- !u!4 &4000011748898160
Transform:
  m_ObjectHideFlags: 1
  m_PrefabParentObject: {fileID: 0}
  m_PrefabInternal: {fileID: 100100000}
  m_GameObject: {fileID: 1000013585515898}
  m_LocalRotation: {x: -0, y: -0, z: -0, w: 1}
  m_LocalPosition: {x: -0.16, y: -1.22, z: 0}
  m_LocalScale: {x: 1, y: 1, z: 1}
  m_LocalEulerAnglesHint: {x: 0, y: 0, z: 0}
  m_Children: []
  m_Father: {fileID: 4000013290810622}
  m_RootOrder: 2
--- !u!4 &4000012075885114
Transform:
  m_ObjectHideFlags: 1
  m_PrefabParentObject: {fileID: 0}
  m_PrefabInternal: {fileID: 100100000}
  m_GameObject: {fileID: 1000011517438440}
  m_LocalRotation: {x: -0, y: -0, z: -0, w: 1}
  m_LocalPosition: {x: 1.23, y: 1.13, z: 0}
  m_LocalScale: {x: 1, y: 1, z: 1}
  m_LocalEulerAnglesHint: {x: 0, y: 0, z: 0}
  m_Children: []
  m_Father: {fileID: 4000013290810622}
  m_RootOrder: 5
--- !u!4 &4000012348843072
Transform:
  m_ObjectHideFlags: 1
  m_PrefabParentObject: {fileID: 0}
  m_PrefabInternal: {fileID: 100100000}
  m_GameObject: {fileID: 1000010342897198}
  m_LocalRotation: {x: 0, y: 0, z: 0, w: 1}
  m_LocalPosition: {x: -1.1, y: 1.389, z: 0}
  m_LocalScale: {x: 1, y: 1, z: 1}
  m_LocalEulerAnglesHint: {x: 0, y: 0, z: 0}
  m_Children: []
  m_Father: {fileID: 4000013290810622}
  m_RootOrder: 0
--- !u!4 &4000013290810622
Transform:
  m_ObjectHideFlags: 1
  m_PrefabParentObject: {fileID: 0}
  m_PrefabInternal: {fileID: 100100000}
  m_GameObject: {fileID: 1000013877625072}
  m_LocalRotation: {x: 0, y: 0, z: 0, w: 1}
  m_LocalPosition: {x: 0, y: 0, z: 0}
  m_LocalScale: {x: 0.35, y: 0.35, z: 1}
  m_LocalEulerAnglesHint: {x: 0, y: 0, z: 0}
  m_Children:
  - {fileID: 4000012348843072}
  - {fileID: 4000013984400554}
  - {fileID: 4000011748898160}
  - {fileID: 4000010830271054}
  - {fileID: 4000011396575190}
  - {fileID: 4000012075885114}
  - {fileID: 4000011242749204}
  m_Father: {fileID: 0}
  m_RootOrder: 0
--- !u!4 &4000013984400554
Transform:
  m_ObjectHideFlags: 1
  m_PrefabParentObject: {fileID: 0}
  m_PrefabInternal: {fileID: 100100000}
  m_GameObject: {fileID: 1000013382466162}
  m_LocalRotation: {x: -0, y: -0, z: -0, w: 1}
  m_LocalPosition: {x: -1.695, y: 0.715, z: 0}
  m_LocalScale: {x: 1, y: 1, z: 1}
  m_LocalEulerAnglesHint: {x: 0, y: 0, z: 0}
  m_Children: []
  m_Father: {fileID: 4000013290810622}
  m_RootOrder: 1
--- !u!50 &50000010675301650
Rigidbody2D:
  serializedVersion: 2
  m_ObjectHideFlags: 1
  m_PrefabParentObject: {fileID: 0}
  m_PrefabInternal: {fileID: 100100000}
  m_GameObject: {fileID: 1000013877625072}
  m_UseAutoMass: 0
  m_Mass: 1
  m_LinearDrag: 0
  m_AngularDrag: 0.05
  m_GravityScale: 0
  m_IsKinematic: 0
  m_Interpolate: 1
  m_SleepingMode: 1
  m_CollisionDetection: 0
  m_Constraints: 4
--- !u!60 &60000012300130886
PolygonCollider2D:
  m_ObjectHideFlags: 1
  m_PrefabParentObject: {fileID: 0}
  m_PrefabInternal: {fileID: 100100000}
  m_GameObject: {fileID: 1000013877625072}
  m_Enabled: 1
  m_Density: 1
  m_Material: {fileID: 0}
  m_IsTrigger: 0
  m_UsedByEffector: 0
  m_Offset: {x: 0, y: 0}
  m_Points:
    m_Paths:
    - - {x: 1.605, y: -0.825}
      - {x: 1.7049999, y: -0.745}
      - {x: 1.8249999, y: -0.545}
      - {x: 1.8349999, y: -0.49499997}
      - {x: 1.8349999, y: -0.155}
      - {x: 1.8149999, y: -0.044999998}
      - {x: 1.735, y: 0.074999996}
      - {x: 1.635, y: 0.16499999}
      - {x: 1.5949999, y: 0.195}
      - {x: 1.5649999, y: 0.305}
      - {x: 1.5849999, y: 0.445}
      - {x: 1.5849999, y: 0.715}
      - {x: 1.545, y: 0.875}
      - {x: 1.435, y: 1.095}
      - {x: 1.385, y: 1.165}
      - {x: 1.225, y: 1.3349999}
      - {x: 1.125, y: 1.395}
      - {x: 0.97499996, y: 1.475}
      - {x: 0.815, y: 1.525}
      - {x: 0.375, y: 1.525}
      - {x: 0.305, y: 1.515}
      - {x: 0.155, y: 1.4549999}
      - {x: -0.035, y: 1.3149999}
      - {x: -0.13499999, y: 1.2049999}
      - {x: -0.275, y: 1.345}
      - {x: -0.36499998, y: 1.425}
      - {x: -0.575, y: 1.515}
      - {x: -0.625, y: 1.525}
      - {x: -1.055, y: 1.525}
      - {x: -1.295, y: 1.4549999}
      - {x: -1.405, y: 1.385}
      - {x: -1.505, y: 1.3149999}
      - {x: -1.675, y: 1.145}
      - {x: -1.755, y: 0.98499995}
      - {x: -1.8249999, y: 0.835}
      - {x: -1.8349999, y: 0.755}
      - {x: -1.8349999, y: 0.325}
      - {x: -1.8149999, y: 0.225}
      - {x: -1.775, y: 0.105}
      - {x: -1.665, y: -0.095}
      - {x: -1.605, y: -0.175}
      - {x: -1.355, y: -0.435}
      - {x: -1.155, y: -0.60499996}
      - {x: -0.955, y: -0.745}
      - {x: -0.53499997, y: -1.0649999}
      - {x: -0.33499998, y: -1.265}
      - {x: -0.155, y: -1.525}
      - {x: -0.125, y: -1.525}
      - {x: -0.095, y: -1.505}
      - {x: 0.005, y: -1.345}
      - {x: 0.185, y: -1.145}
      - {x: 0.445, y: -1.115}
      - {x: 0.715, y: -1.355}
      - {x: 0.805, y: -1.515}
      - {x: 0.825, y: -1.525}
      - {x: 0.895, y: -1.525}
      - {x: 0.995, y: -1.355}
      - {x: 1.145, y: -1.1949999}
      - {x: 1.355, y: -1.035}
--- !u!61 &61000010224022316
BoxCollider2D:
  m_ObjectHideFlags: 1
  m_PrefabParentObject: {fileID: 0}
  m_PrefabInternal: {fileID: 100100000}
  m_GameObject: {fileID: 1000013585515898}
  m_Enabled: 1
  m_Density: 1
  m_Material: {fileID: 0}
  m_IsTrigger: 0
  m_UsedByEffector: 0
  m_Offset: {x: 0, y: 0}
  serializedVersion: 2
  m_Size: {x: 0.1, y: 0.1}
--- !u!61 &61000010311503198
BoxCollider2D:
  m_ObjectHideFlags: 1
  m_PrefabParentObject: {fileID: 0}
  m_PrefabInternal: {fileID: 100100000}
  m_GameObject: {fileID: 1000010768070524}
  m_Enabled: 1
  m_Density: 1
  m_Material: {fileID: 0}
  m_IsTrigger: 0
  m_UsedByEffector: 0
  m_Offset: {x: 0, y: 0}
  serializedVersion: 2
  m_Size: {x: 0.1, y: 0.1}
--- !u!61 &61000010694935522
BoxCollider2D:
  m_ObjectHideFlags: 1
  m_PrefabParentObject: {fileID: 0}
  m_PrefabInternal: {fileID: 100100000}
  m_GameObject: {fileID: 1000013382466162}
  m_Enabled: 1
  m_Density: 1
  m_Material: {fileID: 0}
  m_IsTrigger: 0
  m_UsedByEffector: 0
  m_Offset: {x: 0, y: 0}
  serializedVersion: 2
  m_Size: {x: 0.1, y: 0.1}
--- !u!61 &61000010977108288
BoxCollider2D:
  m_ObjectHideFlags: 1
  m_PrefabParentObject: {fileID: 0}
  m_PrefabInternal: {fileID: 100100000}
  m_GameObject: {fileID: 1000011517438440}
  m_Enabled: 1
  m_Density: 1
  m_Material: {fileID: 0}
  m_IsTrigger: 0
  m_UsedByEffector: 0
  m_Offset: {x: 0, y: 0}
  serializedVersion: 2
  m_Size: {x: 0.1, y: 0.1}
--- !u!61 &61000011310101078
BoxCollider2D:
  m_ObjectHideFlags: 1
  m_PrefabParentObject: {fileID: 0}
  m_PrefabInternal: {fileID: 100100000}
  m_GameObject: {fileID: 1000013025417702}
  m_Enabled: 1
  m_Density: 1
  m_Material: {fileID: 0}
  m_IsTrigger: 0
  m_UsedByEffector: 0
  m_Offset: {x: 0, y: 0}
  serializedVersion: 2
  m_Size: {x: 0.1, y: 0.1}
--- !u!61 &61000011723310216
BoxCollider2D:
  m_ObjectHideFlags: 1
  m_PrefabParentObject: {fileID: 0}
  m_PrefabInternal: {fileID: 100100000}
  m_GameObject: {fileID: 1000010741412702}
  m_Enabled: 1
  m_Density: 1
  m_Material: {fileID: 0}
  m_IsTrigger: 0
  m_UsedByEffector: 0
  m_Offset: {x: 0, y: 0}
  serializedVersion: 2
  m_Size: {x: 0.1, y: 0.1}
--- !u!61 &61000012434922504
BoxCollider2D:
  m_ObjectHideFlags: 1
  m_PrefabParentObject: {fileID: 0}
  m_PrefabInternal: {fileID: 100100000}
  m_GameObject: {fileID: 1000010342897198}
  m_Enabled: 1
  m_Density: 1
  m_Material: {fileID: 0}
  m_IsTrigger: 0
  m_UsedByEffector: 0
  m_Offset: {x: 0, y: 0}
  serializedVersion: 2
  m_Size: {x: 0.1, y: 0.1}
--- !u!114 &114000010487062918
MonoBehaviour:
  m_ObjectHideFlags: 1
  m_PrefabParentObject: {fileID: 0}
  m_PrefabInternal: {fileID: 100100000}
  m_GameObject: {fileID: 1000010741412702}
  m_Enabled: 1
  m_EditorHideFlags: 0
  m_Script: {fileID: 11500000, guid: b0a3c2aa38ba2e242adf49bae0dc55c0, type: 3}
  m_Name: 
  m_EditorClassIdentifier: 
  triggered: 0
--- !u!114 &114000011414727260
MonoBehaviour:
  m_ObjectHideFlags: 1
  m_PrefabParentObject: {fileID: 0}
  m_PrefabInternal: {fileID: 100100000}
  m_GameObject: {fileID: 1000010342897198}
  m_Enabled: 1
  m_EditorHideFlags: 0
  m_Script: {fileID: 11500000, guid: b0a3c2aa38ba2e242adf49bae0dc55c0, type: 3}
  m_Name: 
  m_EditorClassIdentifier: 
  triggered: 0
--- !u!114 &114000011982764814
MonoBehaviour:
  m_ObjectHideFlags: 1
  m_PrefabParentObject: {fileID: 0}
  m_PrefabInternal: {fileID: 100100000}
  m_GameObject: {fileID: 1000013877625072}
  m_Enabled: 0
  m_EditorHideFlags: 0
  m_Script: {fileID: 11500000, guid: fbf3575480402db40813e763382412fb, type: 3}
  m_Name: 
  m_EditorClassIdentifier: 
  outlineEffect: {fileID: 0}
  color: 0
  eraseRenderer: 0
  originalLayer: 0
  originalMaterial: {fileID: 0}
--- !u!114 &114000012096498222
MonoBehaviour:
  m_ObjectHideFlags: 1
  m_PrefabParentObject: {fileID: 0}
  m_PrefabInternal: {fileID: 100100000}
  m_GameObject: {fileID: 1000010768070524}
  m_Enabled: 1
  m_EditorHideFlags: 0
  m_Script: {fileID: 11500000, guid: b0a3c2aa38ba2e242adf49bae0dc55c0, type: 3}
  m_Name: 
  m_EditorClassIdentifier: 
  triggered: 0
--- !u!114 &114000012230170700
MonoBehaviour:
  m_ObjectHideFlags: 1
  m_PrefabParentObject: {fileID: 0}
  m_PrefabInternal: {fileID: 100100000}
  m_GameObject: {fileID: 1000013585515898}
  m_Enabled: 1
  m_EditorHideFlags: 0
  m_Script: {fileID: 11500000, guid: b0a3c2aa38ba2e242adf49bae0dc55c0, type: 3}
  m_Name: 
  m_EditorClassIdentifier: 
  triggered: 0
--- !u!114 &114000012723030374
MonoBehaviour:
  m_ObjectHideFlags: 1
  m_PrefabParentObject: {fileID: 0}
  m_PrefabInternal: {fileID: 100100000}
  m_GameObject: {fileID: 1000011517438440}
  m_Enabled: 1
  m_EditorHideFlags: 0
  m_Script: {fileID: 11500000, guid: b0a3c2aa38ba2e242adf49bae0dc55c0, type: 3}
  m_Name: 
  m_EditorClassIdentifier: 
  triggered: 0
--- !u!114 &114000012967823442
MonoBehaviour:
  m_ObjectHideFlags: 1
  m_PrefabParentObject: {fileID: 0}
  m_PrefabInternal: {fileID: 100100000}
  m_GameObject: {fileID: 1000013025417702}
  m_Enabled: 1
  m_EditorHideFlags: 0
  m_Script: {fileID: 11500000, guid: b0a3c2aa38ba2e242adf49bae0dc55c0, type: 3}
  m_Name: 
  m_EditorClassIdentifier: 
  triggered: 0
--- !u!114 &114000012988561040
MonoBehaviour:
  m_ObjectHideFlags: 1
  m_PrefabParentObject: {fileID: 0}
  m_PrefabInternal: {fileID: 100100000}
  m_GameObject: {fileID: 1000013877625072}
  m_Enabled: 1
  m_EditorHideFlags: 0
  m_Script: {fileID: 11500000, guid: 5253fe1237426d241aac03cec3642be7, type: 3}
  m_Name: 
  m_EditorClassIdentifier: 
  id: 0
  canDrag: 1
  mouseDrag: 0
  totalCollide: 7
  currentCollide: 0
  isInserted: 0
  spawnSlot: 0
--- !u!114 &114000013455938992
MonoBehaviour:
  m_ObjectHideFlags: 1
  m_PrefabParentObject: {fileID: 0}
  m_PrefabInternal: {fileID: 100100000}
  m_GameObject: {fileID: 1000013382466162}
  m_Enabled: 1
  m_EditorHideFlags: 0
  m_Script: {fileID: 11500000, guid: b0a3c2aa38ba2e242adf49bae0dc55c0, type: 3}
  m_Name: 
  m_EditorClassIdentifier: 
  triggered: 0
--- !u!212 &212000011822740998
SpriteRenderer:
  m_ObjectHideFlags: 1
  m_PrefabParentObject: {fileID: 0}
  m_PrefabInternal: {fileID: 100100000}
  m_GameObject: {fileID: 1000013877625072}
  m_Enabled: 1
  m_CastShadows: 0
  m_ReceiveShadows: 0
  m_MotionVectors: 1
  m_LightProbeUsage: 0
  m_ReflectionProbeUsage: 0
  m_Materials:
  - {fileID: 2100000, guid: 5b0bc317862dc5642808511fe7d4ce3c, type: 2}
  m_SubsetIndices: 
  m_StaticBatchRoot: {fileID: 0}
  m_ProbeAnchor: {fileID: 0}
  m_LightProbeVolumeOverride: {fileID: 0}
  m_ScaleInLightmap: 1
  m_PreserveUVs: 0
  m_IgnoreNormalsForChartDetection: 0
  m_ImportantGI: 0
  m_SelectedWireframeHidden: 1
  m_MinimumChartSize: 4
  m_AutoUVMaxDistance: 0.5
  m_AutoUVMaxAngle: 89
  m_LightmapParameters: {fileID: 0}
  m_SortingLayerID: 1797225641
  m_SortingOrder: 2
  m_Sprite: {fileID: 21300000, guid: 3c1615e0618de514b821e4f545effeea, type: 3}
  m_Color: {r: 1, g: 1, b: 1, a: 1}
  m_FlipX: 0
  m_FlipY: 0
