%YAML 1.1
%TAG !u! tag:unity3d.com,2011:
--- !u!29 &1
SceneSettings:
  m_ObjectHideFlags: 0
  m_PVSData: 
  m_PVSObjectsArray: []
  m_PVSPortalsArray: []
  m_OcclusionBakeSettings:
    smallestOccluder: 5
    smallestHole: 0.25
    backfaceThreshold: 100
--- !u!104 &2
RenderSettings:
  m_ObjectHideFlags: 0
  serializedVersion: 7
  m_Fog: 0
  m_FogColor: {r: 0.5, g: 0.5, b: 0.5, a: 1}
  m_FogMode: 3
  m_FogDensity: 0.01
  m_LinearFogStart: 0
  m_LinearFogEnd: 300
  m_AmbientSkyColor: {r: 0.212, g: 0.227, b: 0.259, a: 1}
  m_AmbientEquatorColor: {r: 0.114, g: 0.125, b: 0.133, a: 1}
  m_AmbientGroundColor: {r: 0.047, g: 0.043, b: 0.035, a: 1}
  m_AmbientIntensity: 1
  m_AmbientMode: 3
  m_SkyboxMaterial: {fileID: 0}
  m_HaloStrength: 0.5
  m_FlareStrength: 1
  m_FlareFadeSpeed: 3
  m_HaloTexture: {fileID: 0}
  m_SpotCookie: {fileID: 10001, guid: 0000000000000000e000000000000000, type: 0}
  m_DefaultReflectionMode: 0
  m_DefaultReflectionResolution: 128
  m_ReflectionBounces: 1
  m_ReflectionIntensity: 1
  m_CustomReflection: {fileID: 0}
  m_Sun: {fileID: 0}
  m_IndirectSpecularColor: {r: 0, g: 0, b: 0, a: 1}
--- !u!157 &3
LightmapSettings:
  m_ObjectHideFlags: 0
  serializedVersion: 7
  m_GIWorkflowMode: 1
  m_GISettings:
    serializedVersion: 2
    m_BounceScale: 1
    m_IndirectOutputScale: 1
    m_AlbedoBoost: 1
    m_TemporalCoherenceThreshold: 1
    m_EnvironmentLightingMode: 0
    m_EnableBakedLightmaps: 0
    m_EnableRealtimeLightmaps: 0
  m_LightmapEditorSettings:
    serializedVersion: 4
    m_Resolution: 2
    m_BakeResolution: 40
    m_TextureWidth: 1024
    m_TextureHeight: 1024
    m_AO: 0
    m_AOMaxDistance: 1
    m_CompAOExponent: 1
    m_CompAOExponentDirect: 0
    m_Padding: 2
    m_LightmapParameters: {fileID: 0}
    m_LightmapsBakeMode: 1
    m_TextureCompression: 1
    m_DirectLightInLightProbes: 1
    m_FinalGather: 0
    m_FinalGatherFiltering: 1
    m_FinalGatherRayCount: 256
    m_ReflectionCompression: 2
  m_LightingDataAsset: {fileID: 0}
  m_RuntimeCPUUsage: 25
--- !u!196 &4
NavMeshSettings:
  serializedVersion: 2
  m_ObjectHideFlags: 0
  m_BuildSettings:
    serializedVersion: 2
    agentRadius: 0.5
    agentHeight: 2
    agentSlope: 45
    agentClimb: 0.4
    ledgeDropHeight: 0
    maxJumpAcrossDistance: 0
    accuratePlacement: 0
    minRegionArea: 2
    cellSize: 0.16666667
    manualCellSize: 0
  m_NavMeshData: {fileID: 0}
--- !u!1 &69789149
GameObject:
  m_ObjectHideFlags: 0
  m_PrefabParentObject: {fileID: 0}
  m_PrefabInternal: {fileID: 0}
  serializedVersion: 4
  m_Component:
  - 4: {fileID: 69789150}
  - 114: {fileID: 69789151}
  m_Layer: 0
  m_Name: controller
  m_TagString: Untagged
  m_Icon: {fileID: 0}
  m_NavMeshLayer: 0
  m_StaticEditorFlags: 0
  m_IsActive: 1
--- !u!4 &69789150
Transform:
  m_ObjectHideFlags: 0
  m_PrefabParentObject: {fileID: 0}
  m_PrefabInternal: {fileID: 0}
  m_GameObject: {fileID: 69789149}
  m_LocalRotation: {x: 0, y: 0, z: 0, w: 1}
  m_LocalPosition: {x: 0, y: 0, z: 0}
  m_LocalScale: {x: 1, y: 1, z: 1}
  m_LocalEulerAnglesHint: {x: 0, y: 0, z: 0}
  m_Children:
  - {fileID: 1399675412}
  - {fileID: 1233352174}
  - {fileID: 892254515}
  m_Father: {fileID: 1482701199}
  m_RootOrder: 1
--- !u!114 &69789151
MonoBehaviour:
  m_ObjectHideFlags: 0
  m_PrefabParentObject: {fileID: 0}
  m_PrefabInternal: {fileID: 0}
  m_GameObject: {fileID: 69789149}
  m_Enabled: 1
  m_EditorHideFlags: 0
  m_Script: {fileID: 11500000, guid: 343eafd3acb183d4387ee5bf7e15317d, type: 3}
  m_Name: 
  m_EditorClassIdentifier: 
--- !u!1001 &116887092
Prefab:
  m_ObjectHideFlags: 0
  serializedVersion: 2
  m_Modification:
    m_TransformParent: {fileID: 69789150}
    m_Modifications:
    - target: {fileID: 4000012109577480, guid: dafa8974681af5e409ac562d72bad606, type: 2}
      propertyPath: m_LocalPosition.x
      value: 0
      objectReference: {fileID: 0}
    - target: {fileID: 4000012109577480, guid: dafa8974681af5e409ac562d72bad606, type: 2}
      propertyPath: m_LocalPosition.y
      value: 0
      objectReference: {fileID: 0}
    - target: {fileID: 4000012109577480, guid: dafa8974681af5e409ac562d72bad606, type: 2}
      propertyPath: m_LocalPosition.z
      value: 0
      objectReference: {fileID: 0}
    - target: {fileID: 4000012109577480, guid: dafa8974681af5e409ac562d72bad606, type: 2}
      propertyPath: m_LocalRotation.x
      value: 0
      objectReference: {fileID: 0}
    - target: {fileID: 4000012109577480, guid: dafa8974681af5e409ac562d72bad606, type: 2}
      propertyPath: m_LocalRotation.y
      value: 0
      objectReference: {fileID: 0}
    - target: {fileID: 4000012109577480, guid: dafa8974681af5e409ac562d72bad606, type: 2}
      propertyPath: m_LocalRotation.z
      value: 0
      objectReference: {fileID: 0}
    - target: {fileID: 4000012109577480, guid: dafa8974681af5e409ac562d72bad606, type: 2}
      propertyPath: m_LocalRotation.w
      value: 1
      objectReference: {fileID: 0}
    - target: {fileID: 4000012109577480, guid: dafa8974681af5e409ac562d72bad606, type: 2}
      propertyPath: m_RootOrder
      value: 2
      objectReference: {fileID: 0}
    - target: {fileID: 114000012647660284, guid: dafa8974681af5e409ac562d72bad606,
        type: 2}
      propertyPath: nextText
      value: 
      objectReference: {fileID: 1193198903}
    - target: {fileID: 114000012647660284, guid: dafa8974681af5e409ac562d72bad606,
        type: 2}
      propertyPath: forLevel
      value: 2
      objectReference: {fileID: 0}
    m_RemovedComponents: []
  m_ParentPrefab: {fileID: 100100000, guid: dafa8974681af5e409ac562d72bad606, type: 2}
  m_IsPrefabParent: 0
--- !u!1 &358671979
GameObject:
  m_ObjectHideFlags: 0
  m_PrefabParentObject: {fileID: 0}
  m_PrefabInternal: {fileID: 0}
  serializedVersion: 4
  m_Component:
  - 4: {fileID: 358671980}
  - 114: {fileID: 358671982}
  - 114: {fileID: 358671981}
  m_Layer: 0
  m_Name: EventSystem
  m_TagString: Untagged
  m_Icon: {fileID: 0}
  m_NavMeshLayer: 0
  m_StaticEditorFlags: 0
  m_IsActive: 1
--- !u!4 &358671980
Transform:
  m_ObjectHideFlags: 0
  m_PrefabParentObject: {fileID: 0}
  m_PrefabInternal: {fileID: 0}
  m_GameObject: {fileID: 358671979}
  m_LocalRotation: {x: 0, y: 0, z: 0, w: 1}
  m_LocalPosition: {x: 0, y: 0, z: 0}
  m_LocalScale: {x: 1, y: 1, z: 1}
  m_LocalEulerAnglesHint: {x: 0, y: 0, z: 0}
  m_Children: []
  m_Father: {fileID: 1482701199}
  m_RootOrder: 5
--- !u!114 &358671981
MonoBehaviour:
  m_ObjectHideFlags: 0
  m_PrefabParentObject: {fileID: 0}
  m_PrefabInternal: {fileID: 0}
  m_GameObject: {fileID: 358671979}
  m_Enabled: 1
  m_EditorHideFlags: 0
  m_Script: {fileID: 1077351063, guid: f5f67c52d1564df4a8936ccd202a3bd8, type: 3}
  m_Name: 
  m_EditorClassIdentifier: 
  m_HorizontalAxis: Horizontal
  m_VerticalAxis: Vertical
  m_SubmitButton: Submit
  m_CancelButton: Cancel
  m_InputActionsPerSecond: 10
  m_RepeatDelay: 0.5
  m_ForceModuleActive: 0
--- !u!114 &358671982
MonoBehaviour:
  m_ObjectHideFlags: 0
  m_PrefabParentObject: {fileID: 0}
  m_PrefabInternal: {fileID: 0}
  m_GameObject: {fileID: 358671979}
  m_Enabled: 1
  m_EditorHideFlags: 0
  m_Script: {fileID: -619905303, guid: f5f67c52d1564df4a8936ccd202a3bd8, type: 3}
  m_Name: 
  m_EditorClassIdentifier: 
  m_FirstSelected: {fileID: 0}
  m_sendNavigationEvents: 1
  m_DragThreshold: 5
--- !u!1001 &427761708
Prefab:
  m_ObjectHideFlags: 0
  serializedVersion: 2
  m_Modification:
    m_TransformParent: {fileID: 669995035}
    m_Modifications:
    - target: {fileID: 408978, guid: 9ca12ee42ed34184f9d16b3b7542d26f, type: 2}
      propertyPath: m_LocalPosition.x
      value: 0
      objectReference: {fileID: 0}
    - target: {fileID: 408978, guid: 9ca12ee42ed34184f9d16b3b7542d26f, type: 2}
      propertyPath: m_LocalPosition.y
      value: 0
      objectReference: {fileID: 0}
    - target: {fileID: 408978, guid: 9ca12ee42ed34184f9d16b3b7542d26f, type: 2}
      propertyPath: m_LocalPosition.z
      value: 0
      objectReference: {fileID: 0}
    - target: {fileID: 408978, guid: 9ca12ee42ed34184f9d16b3b7542d26f, type: 2}
      propertyPath: m_LocalRotation.x
      value: 0
      objectReference: {fileID: 0}
    - target: {fileID: 408978, guid: 9ca12ee42ed34184f9d16b3b7542d26f, type: 2}
      propertyPath: m_LocalRotation.y
      value: 0
      objectReference: {fileID: 0}
    - target: {fileID: 408978, guid: 9ca12ee42ed34184f9d16b3b7542d26f, type: 2}
      propertyPath: m_LocalRotation.z
      value: 0
      objectReference: {fileID: 0}
    - target: {fileID: 408978, guid: 9ca12ee42ed34184f9d16b3b7542d26f, type: 2}
      propertyPath: m_LocalRotation.w
      value: 1
      objectReference: {fileID: 0}
    - target: {fileID: 408978, guid: 9ca12ee42ed34184f9d16b3b7542d26f, type: 2}
      propertyPath: m_RootOrder
      value: 2
      objectReference: {fileID: 0}
    m_RemovedComponents: []
  m_ParentPrefab: {fileID: 100100000, guid: 9ca12ee42ed34184f9d16b3b7542d26f, type: 2}
  m_IsPrefabParent: 0
--- !u!4 &427761710 stripped
Transform:
  m_PrefabParentObject: {fileID: 408978, guid: 9ca12ee42ed34184f9d16b3b7542d26f, type: 2}
  m_PrefabInternal: {fileID: 427761708}
--- !u!1001 &522321432
Prefab:
  m_ObjectHideFlags: 0
  serializedVersion: 2
  m_Modification:
    m_TransformParent: {fileID: 669995035}
    m_Modifications:
    - target: {fileID: 4000010022920474, guid: 26ff45d1526c3eb4f927f8264af01ec2, type: 2}
      propertyPath: m_LocalPosition.x
      value: 0
      objectReference: {fileID: 0}
    - target: {fileID: 4000010022920474, guid: 26ff45d1526c3eb4f927f8264af01ec2, type: 2}
      propertyPath: m_LocalPosition.y
      value: 0
      objectReference: {fileID: 0}
    - target: {fileID: 4000010022920474, guid: 26ff45d1526c3eb4f927f8264af01ec2, type: 2}
      propertyPath: m_LocalPosition.z
      value: -10
      objectReference: {fileID: 0}
    - target: {fileID: 4000010022920474, guid: 26ff45d1526c3eb4f927f8264af01ec2, type: 2}
      propertyPath: m_LocalRotation.x
      value: 0
      objectReference: {fileID: 0}
    - target: {fileID: 4000010022920474, guid: 26ff45d1526c3eb4f927f8264af01ec2, type: 2}
      propertyPath: m_LocalRotation.y
      value: 0
      objectReference: {fileID: 0}
    - target: {fileID: 4000010022920474, guid: 26ff45d1526c3eb4f927f8264af01ec2, type: 2}
      propertyPath: m_LocalRotation.z
      value: 0
      objectReference: {fileID: 0}
    - target: {fileID: 4000010022920474, guid: 26ff45d1526c3eb4f927f8264af01ec2, type: 2}
      propertyPath: m_LocalRotation.w
      value: 1
      objectReference: {fileID: 0}
    - target: {fileID: 4000010022920474, guid: 26ff45d1526c3eb4f927f8264af01ec2, type: 2}
      propertyPath: m_RootOrder
      value: 0
      objectReference: {fileID: 0}
    m_RemovedComponents: []
  m_ParentPrefab: {fileID: 100100000, guid: 26ff45d1526c3eb4f927f8264af01ec2, type: 2}
  m_IsPrefabParent: 0
--- !u!20 &522321433 stripped
Camera:
  m_PrefabParentObject: {fileID: 20000012203245346, guid: 26ff45d1526c3eb4f927f8264af01ec2,
    type: 2}
  m_PrefabInternal: {fileID: 522321432}
--- !u!4 &522321434 stripped
Transform:
  m_PrefabParentObject: {fileID: 4000010022920474, guid: 26ff45d1526c3eb4f927f8264af01ec2,
    type: 2}
  m_PrefabInternal: {fileID: 522321432}
--- !u!1001 &534819484
Prefab:
  m_ObjectHideFlags: 0
  serializedVersion: 2
  m_Modification:
    m_TransformParent: {fileID: 669995035}
    m_Modifications:
    - target: {fileID: 224000011913284878, guid: 6e893b0f3688cc444a8052f1390cff94,
        type: 2}
      propertyPath: m_LocalPosition.x
      value: 0
      objectReference: {fileID: 0}
    - target: {fileID: 224000011913284878, guid: 6e893b0f3688cc444a8052f1390cff94,
        type: 2}
      propertyPath: m_LocalPosition.y
      value: 0
      objectReference: {fileID: 0}
    - target: {fileID: 224000011913284878, guid: 6e893b0f3688cc444a8052f1390cff94,
        type: 2}
      propertyPath: m_LocalPosition.z
      value: 0
      objectReference: {fileID: 0}
    - target: {fileID: 224000011913284878, guid: 6e893b0f3688cc444a8052f1390cff94,
        type: 2}
      propertyPath: m_LocalRotation.x
      value: 0
      objectReference: {fileID: 0}
    - target: {fileID: 224000011913284878, guid: 6e893b0f3688cc444a8052f1390cff94,
        type: 2}
      propertyPath: m_LocalRotation.y
      value: 0
      objectReference: {fileID: 0}
    - target: {fileID: 224000011913284878, guid: 6e893b0f3688cc444a8052f1390cff94,
        type: 2}
      propertyPath: m_LocalRotation.z
      value: 0
      objectReference: {fileID: 0}
    - target: {fileID: 224000011913284878, guid: 6e893b0f3688cc444a8052f1390cff94,
        type: 2}
      propertyPath: m_LocalRotation.w
      value: 1
      objectReference: {fileID: 0}
    - target: {fileID: 224000011913284878, guid: 6e893b0f3688cc444a8052f1390cff94,
        type: 2}
      propertyPath: m_RootOrder
      value: 4
      objectReference: {fileID: 0}
    - target: {fileID: 224000011913284878, guid: 6e893b0f3688cc444a8052f1390cff94,
        type: 2}
      propertyPath: m_AnchoredPosition.x
      value: 0
      objectReference: {fileID: 0}
    - target: {fileID: 224000011913284878, guid: 6e893b0f3688cc444a8052f1390cff94,
        type: 2}
      propertyPath: m_AnchoredPosition.y
      value: 0
      objectReference: {fileID: 0}
    - target: {fileID: 224000011913284878, guid: 6e893b0f3688cc444a8052f1390cff94,
        type: 2}
      propertyPath: m_SizeDelta.x
      value: 0
      objectReference: {fileID: 0}
    - target: {fileID: 224000011913284878, guid: 6e893b0f3688cc444a8052f1390cff94,
        type: 2}
      propertyPath: m_SizeDelta.y
      value: 0
      objectReference: {fileID: 0}
    - target: {fileID: 224000011913284878, guid: 6e893b0f3688cc444a8052f1390cff94,
        type: 2}
      propertyPath: m_AnchorMin.x
      value: 0
      objectReference: {fileID: 0}
    - target: {fileID: 224000011913284878, guid: 6e893b0f3688cc444a8052f1390cff94,
        type: 2}
      propertyPath: m_AnchorMin.y
      value: 0
      objectReference: {fileID: 0}
    - target: {fileID: 224000011913284878, guid: 6e893b0f3688cc444a8052f1390cff94,
        type: 2}
      propertyPath: m_AnchorMax.x
      value: 0
      objectReference: {fileID: 0}
    - target: {fileID: 224000011913284878, guid: 6e893b0f3688cc444a8052f1390cff94,
        type: 2}
      propertyPath: m_AnchorMax.y
      value: 0
      objectReference: {fileID: 0}
    - target: {fileID: 224000011913284878, guid: 6e893b0f3688cc444a8052f1390cff94,
        type: 2}
      propertyPath: m_Pivot.x
      value: 0
      objectReference: {fileID: 0}
    - target: {fileID: 224000011913284878, guid: 6e893b0f3688cc444a8052f1390cff94,
        type: 2}
      propertyPath: m_Pivot.y
      value: 0
      objectReference: {fileID: 0}
    - target: {fileID: 223000011800838796, guid: 6e893b0f3688cc444a8052f1390cff94,
        type: 2}
      propertyPath: m_Camera
      value: 
      objectReference: {fileID: 522321433}
    - target: {fileID: 223000011800838796, guid: 6e893b0f3688cc444a8052f1390cff94,
        type: 2}
      propertyPath: m_RenderMode
      value: 1
      objectReference: {fileID: 0}
    - target: {fileID: 223000011800838796, guid: 6e893b0f3688cc444a8052f1390cff94,
        type: 2}
      propertyPath: m_PlaneDistance
      value: 100
      objectReference: {fileID: 0}
    - target: {fileID: 114000011332567066, guid: 6e893b0f3688cc444a8052f1390cff94,
        type: 2}
      propertyPath: m_UiScaleMode
      value: 1
      objectReference: {fileID: 0}
    - target: {fileID: 114000011332567066, guid: 6e893b0f3688cc444a8052f1390cff94,
        type: 2}
      propertyPath: m_ReferenceResolution.x
      value: 720
      objectReference: {fileID: 0}
    - target: {fileID: 114000011332567066, guid: 6e893b0f3688cc444a8052f1390cff94,
        type: 2}
      propertyPath: m_ReferenceResolution.y
      value: 1280
      objectReference: {fileID: 0}
    - target: {fileID: 114000011332567066, guid: 6e893b0f3688cc444a8052f1390cff94,
        type: 2}
      propertyPath: m_MatchWidthOrHeight
      value: 1
      objectReference: {fileID: 0}
    m_RemovedComponents: []
  m_ParentPrefab: {fileID: 100100000, guid: 6e893b0f3688cc444a8052f1390cff94, type: 2}
  m_IsPrefabParent: 0
--- !u!224 &534819485 stripped
RectTransform:
  m_PrefabParentObject: {fileID: 224000011913284878, guid: 6e893b0f3688cc444a8052f1390cff94,
    type: 2}
  m_PrefabInternal: {fileID: 534819484}
--- !u!1001 &590452644
Prefab:
  m_ObjectHideFlags: 0
  serializedVersion: 2
  m_Modification:
    m_TransformParent: {fileID: 1482701199}
    m_Modifications:
    - target: {fileID: 409374, guid: 8f9bc1ebc70ec9d44a84292715dbd653, type: 2}
      propertyPath: m_LocalPosition.x
      value: 0
      objectReference: {fileID: 0}
    - target: {fileID: 409374, guid: 8f9bc1ebc70ec9d44a84292715dbd653, type: 2}
      propertyPath: m_LocalPosition.y
      value: 0
      objectReference: {fileID: 0}
    - target: {fileID: 409374, guid: 8f9bc1ebc70ec9d44a84292715dbd653, type: 2}
      propertyPath: m_LocalPosition.z
      value: 0
      objectReference: {fileID: 0}
    - target: {fileID: 409374, guid: 8f9bc1ebc70ec9d44a84292715dbd653, type: 2}
      propertyPath: m_LocalRotation.x
      value: 0
      objectReference: {fileID: 0}
    - target: {fileID: 409374, guid: 8f9bc1ebc70ec9d44a84292715dbd653, type: 2}
      propertyPath: m_LocalRotation.y
      value: 0
      objectReference: {fileID: 0}
    - target: {fileID: 409374, guid: 8f9bc1ebc70ec9d44a84292715dbd653, type: 2}
      propertyPath: m_LocalRotation.z
      value: 0
      objectReference: {fileID: 0}
    - target: {fileID: 409374, guid: 8f9bc1ebc70ec9d44a84292715dbd653, type: 2}
      propertyPath: m_LocalRotation.w
      value: 1
      objectReference: {fileID: 0}
    - target: {fileID: 409374, guid: 8f9bc1ebc70ec9d44a84292715dbd653, type: 2}
      propertyPath: m_RootOrder
      value: 4
      objectReference: {fileID: 0}
    m_RemovedComponents: []
  m_ParentPrefab: {fileID: 100100000, guid: 8f9bc1ebc70ec9d44a84292715dbd653, type: 2}
  m_IsPrefabParent: 0
--- !u!4 &590452645 stripped
Transform:
  m_PrefabParentObject: {fileID: 409374, guid: 8f9bc1ebc70ec9d44a84292715dbd653, type: 2}
  m_PrefabInternal: {fileID: 590452644}
--- !u!1 &669995034
GameObject:
  m_ObjectHideFlags: 0
  m_PrefabParentObject: {fileID: 0}
  m_PrefabInternal: {fileID: 0}
  serializedVersion: 4
  m_Component:
  - 4: {fileID: 669995035}
  - 114: {fileID: 669995036}
  m_Layer: 0
  m_Name: view
  m_TagString: Untagged
  m_Icon: {fileID: 0}
  m_NavMeshLayer: 0
  m_StaticEditorFlags: 0
  m_IsActive: 1
--- !u!4 &669995035
Transform:
  m_ObjectHideFlags: 0
  m_PrefabParentObject: {fileID: 0}
  m_PrefabInternal: {fileID: 0}
  m_GameObject: {fileID: 669995034}
  m_LocalRotation: {x: 0, y: 0, z: 0, w: 1}
  m_LocalPosition: {x: 0, y: 0, z: 0}
  m_LocalScale: {x: 1, y: 1, z: 1}
  m_LocalEulerAnglesHint: {x: 0, y: 0, z: 0}
  m_Children:
  - {fileID: 522321434}
  - {fileID: 1505919476}
  - {fileID: 427761710}
  - {fileID: 2139004685}
  - {fileID: 534819485}
  m_Father: {fileID: 1482701199}
  m_RootOrder: 2
--- !u!114 &669995036
MonoBehaviour:
  m_ObjectHideFlags: 0
  m_PrefabParentObject: {fileID: 0}
  m_PrefabInternal: {fileID: 0}
  m_GameObject: {fileID: 669995034}
  m_Enabled: 1
  m_EditorHideFlags: 0
  m_Script: {fileID: 11500000, guid: 8cc885cfa7058bc4c86b7b2fa90ff785, type: 3}
  m_Name: 
  m_EditorClassIdentifier: 
--- !u!1 &797537751
GameObject:
  m_ObjectHideFlags: 0
  m_PrefabParentObject: {fileID: 0}
  m_PrefabInternal: {fileID: 0}
  serializedVersion: 4
  m_Component:
  - 4: {fileID: 797537752}
  - 114: {fileID: 797537753}
  m_Layer: 0
  m_Name: model
  m_TagString: Untagged
  m_Icon: {fileID: 0}
  m_NavMeshLayer: 0
  m_StaticEditorFlags: 0
  m_IsActive: 1
--- !u!4 &797537752
Transform:
  m_ObjectHideFlags: 0
  m_PrefabParentObject: {fileID: 0}
  m_PrefabInternal: {fileID: 0}
  m_GameObject: {fileID: 797537751}
  m_LocalRotation: {x: 0, y: 0, z: 0, w: 1}
  m_LocalPosition: {x: 0, y: 0, z: 0}
  m_LocalScale: {x: 1, y: 1, z: 1}
  m_LocalEulerAnglesHint: {x: 0, y: 0, z: 0}
  m_Children: []
  m_Father: {fileID: 1482701199}
  m_RootOrder: 0
--- !u!114 &797537753
MonoBehaviour:
  m_ObjectHideFlags: 0
  m_PrefabParentObject: {fileID: 0}
  m_PrefabInternal: {fileID: 0}
  m_GameObject: {fileID: 797537751}
  m_Enabled: 1
  m_EditorHideFlags: 0
  m_Script: {fileID: 11500000, guid: 63b0bff87e6bec64fa67ba4d5f9a8140, type: 3}
  m_Name: 
  m_EditorClassIdentifier: 
--- !u!1001 &813880091
Prefab:
  m_ObjectHideFlags: 0
  serializedVersion: 2
  m_Modification:
    m_TransformParent: {fileID: 534819485}
    m_Modifications:
    - target: {fileID: 224000013768017538, guid: 188d1f50df10822499e65e187b3dc0dc,
        type: 2}
      propertyPath: m_LocalPosition.x
      value: 0
      objectReference: {fileID: 0}
    - target: {fileID: 224000013768017538, guid: 188d1f50df10822499e65e187b3dc0dc,
        type: 2}
      propertyPath: m_LocalPosition.y
      value: 0
      objectReference: {fileID: 0}
    - target: {fileID: 224000013768017538, guid: 188d1f50df10822499e65e187b3dc0dc,
        type: 2}
      propertyPath: m_LocalPosition.z
      value: 0
      objectReference: {fileID: 0}
    - target: {fileID: 224000013768017538, guid: 188d1f50df10822499e65e187b3dc0dc,
        type: 2}
      propertyPath: m_LocalRotation.x
      value: 0
      objectReference: {fileID: 0}
    - target: {fileID: 224000013768017538, guid: 188d1f50df10822499e65e187b3dc0dc,
        type: 2}
      propertyPath: m_LocalRotation.y
      value: 0
      objectReference: {fileID: 0}
    - target: {fileID: 224000013768017538, guid: 188d1f50df10822499e65e187b3dc0dc,
        type: 2}
      propertyPath: m_LocalRotation.z
      value: 0
      objectReference: {fileID: 0}
    - target: {fileID: 224000013768017538, guid: 188d1f50df10822499e65e187b3dc0dc,
        type: 2}
      propertyPath: m_LocalRotation.w
      value: 1
      objectReference: {fileID: 0}
    - target: {fileID: 224000013768017538, guid: 188d1f50df10822499e65e187b3dc0dc,
        type: 2}
      propertyPath: m_RootOrder
      value: 0
      objectReference: {fileID: 0}
    - target: {fileID: 224000013768017538, guid: 188d1f50df10822499e65e187b3dc0dc,
        type: 2}
      propertyPath: m_AnchoredPosition.x
      value: -155
      objectReference: {fileID: 0}
    - target: {fileID: 224000013768017538, guid: 188d1f50df10822499e65e187b3dc0dc,
        type: 2}
      propertyPath: m_AnchoredPosition.y
      value: 303
      objectReference: {fileID: 0}
    - target: {fileID: 224000013768017538, guid: 188d1f50df10822499e65e187b3dc0dc,
        type: 2}
      propertyPath: m_SizeDelta.x
      value: 410
      objectReference: {fileID: 0}
    - target: {fileID: 224000013768017538, guid: 188d1f50df10822499e65e187b3dc0dc,
        type: 2}
      propertyPath: m_SizeDelta.y
      value: 705
      objectReference: {fileID: 0}
    - target: {fileID: 224000013768017538, guid: 188d1f50df10822499e65e187b3dc0dc,
        type: 2}
      propertyPath: m_AnchorMin.x
      value: 0.5
      objectReference: {fileID: 0}
    - target: {fileID: 224000013768017538, guid: 188d1f50df10822499e65e187b3dc0dc,
        type: 2}
      propertyPath: m_AnchorMin.y
      value: 0.5
      objectReference: {fileID: 0}
    - target: {fileID: 224000013768017538, guid: 188d1f50df10822499e65e187b3dc0dc,
        type: 2}
      propertyPath: m_AnchorMax.x
      value: 0.5
      objectReference: {fileID: 0}
    - target: {fileID: 224000013768017538, guid: 188d1f50df10822499e65e187b3dc0dc,
        type: 2}
      propertyPath: m_AnchorMax.y
      value: 0.5
      objectReference: {fileID: 0}
    - target: {fileID: 224000013768017538, guid: 188d1f50df10822499e65e187b3dc0dc,
        type: 2}
      propertyPath: m_Pivot.x
      value: 0.5
      objectReference: {fileID: 0}
    - target: {fileID: 224000013768017538, guid: 188d1f50df10822499e65e187b3dc0dc,
        type: 2}
      propertyPath: m_Pivot.y
      value: 0.5
      objectReference: {fileID: 0}
    - target: {fileID: 114000013966027378, guid: 188d1f50df10822499e65e187b3dc0dc,
        type: 2}
      propertyPath: m_PreserveAspect
      value: 1
      objectReference: {fileID: 0}
    - target: {fileID: 224000012809272420, guid: 188d1f50df10822499e65e187b3dc0dc,
        type: 2}
      propertyPath: m_AnchoredPosition.x
      value: 302
      objectReference: {fileID: 0}
    - target: {fileID: 224000012809272420, guid: 188d1f50df10822499e65e187b3dc0dc,
        type: 2}
      propertyPath: m_AnchoredPosition.y
      value: -648
      objectReference: {fileID: 0}
    - target: {fileID: 224000012809272420, guid: 188d1f50df10822499e65e187b3dc0dc,
        type: 2}
      propertyPath: m_SizeDelta.x
      value: 572
      objectReference: {fileID: 0}
    - target: {fileID: 224000012809272420, guid: 188d1f50df10822499e65e187b3dc0dc,
        type: 2}
      propertyPath: m_SizeDelta.y
      value: 778
      objectReference: {fileID: 0}
    - target: {fileID: 114000012594587450, guid: 188d1f50df10822499e65e187b3dc0dc,
        type: 2}
      propertyPath: m_PreserveAspect
      value: 1
      objectReference: {fileID: 0}
    - target: {fileID: 114000013966027378, guid: 188d1f50df10822499e65e187b3dc0dc,
        type: 2}
      propertyPath: m_Sprite
      value: 
      objectReference: {fileID: 21300000, guid: 9bc157a2917dcfd489f8938bb8850bdd,
        type: 3}
    - target: {fileID: 114000012594587450, guid: 188d1f50df10822499e65e187b3dc0dc,
        type: 2}
      propertyPath: m_Sprite
      value: 
      objectReference: {fileID: 21300000, guid: adbaa75916982ba4790cb186855a4e30,
        type: 3}
    - target: {fileID: 224000014099834792, guid: 188d1f50df10822499e65e187b3dc0dc,
        type: 2}
      propertyPath: m_AnchoredPosition.x
      value: -52
      objectReference: {fileID: 0}
    - target: {fileID: 224000014099834792, guid: 188d1f50df10822499e65e187b3dc0dc,
        type: 2}
      propertyPath: m_AnchoredPosition.y
      value: -642
      objectReference: {fileID: 0}
    - target: {fileID: 224000014099834792, guid: 188d1f50df10822499e65e187b3dc0dc,
        type: 2}
      propertyPath: m_SizeDelta.x
      value: 443
      objectReference: {fileID: 0}
    - target: {fileID: 224000014099834792, guid: 188d1f50df10822499e65e187b3dc0dc,
        type: 2}
      propertyPath: m_SizeDelta.y
      value: 713
      objectReference: {fileID: 0}
    m_RemovedComponents: []
  m_ParentPrefab: {fileID: 100100000, guid: 188d1f50df10822499e65e187b3dc0dc, type: 2}
  m_IsPrefabParent: 0
--- !u!224 &813880092 stripped
RectTransform:
  m_PrefabParentObject: {fileID: 224000013768017538, guid: 188d1f50df10822499e65e187b3dc0dc,
    type: 2}
  m_PrefabInternal: {fileID: 813880091}
--- !u!1001 &867593982
Prefab:
  m_ObjectHideFlags: 0
  serializedVersion: 2
  m_Modification:
    m_TransformParent: {fileID: 1482701199}
    m_Modifications:
    - target: {fileID: 499162, guid: 43b6fabd4a626fa479b10bc71bedec13, type: 2}
      propertyPath: m_LocalPosition.x
      value: 0
      objectReference: {fileID: 0}
    - target: {fileID: 499162, guid: 43b6fabd4a626fa479b10bc71bedec13, type: 2}
      propertyPath: m_LocalPosition.y
      value: 0
      objectReference: {fileID: 0}
    - target: {fileID: 499162, guid: 43b6fabd4a626fa479b10bc71bedec13, type: 2}
      propertyPath: m_LocalPosition.z
      value: 0
      objectReference: {fileID: 0}
    - target: {fileID: 499162, guid: 43b6fabd4a626fa479b10bc71bedec13, type: 2}
      propertyPath: m_LocalRotation.x
      value: 0
      objectReference: {fileID: 0}
    - target: {fileID: 499162, guid: 43b6fabd4a626fa479b10bc71bedec13, type: 2}
      propertyPath: m_LocalRotation.y
      value: 0
      objectReference: {fileID: 0}
    - target: {fileID: 499162, guid: 43b6fabd4a626fa479b10bc71bedec13, type: 2}
      propertyPath: m_LocalRotation.z
      value: 0
      objectReference: {fileID: 0}
    - target: {fileID: 499162, guid: 43b6fabd4a626fa479b10bc71bedec13, type: 2}
      propertyPath: m_LocalRotation.w
      value: 1
      objectReference: {fileID: 0}
    - target: {fileID: 499162, guid: 43b6fabd4a626fa479b10bc71bedec13, type: 2}
      propertyPath: m_RootOrder
      value: 3
      objectReference: {fileID: 0}
    m_RemovedComponents: []
  m_ParentPrefab: {fileID: 100100000, guid: 43b6fabd4a626fa479b10bc71bedec13, type: 2}
  m_IsPrefabParent: 0
--- !u!4 &867593983 stripped
Transform:
  m_PrefabParentObject: {fileID: 499162, guid: 43b6fabd4a626fa479b10bc71bedec13, type: 2}
  m_PrefabInternal: {fileID: 867593982}
--- !u!4 &892254515 stripped
Transform:
  m_PrefabParentObject: {fileID: 4000012109577480, guid: dafa8974681af5e409ac562d72bad606,
    type: 2}
  m_PrefabInternal: {fileID: 116887092}
--- !u!1 &1193198903
GameObject:
  m_ObjectHideFlags: 0
  m_PrefabParentObject: {fileID: 0}
  m_PrefabInternal: {fileID: 0}
  serializedVersion: 4
  m_Component:
  - 224: {fileID: 1193198904}
  - 222: {fileID: 1193198906}
  - 114: {fileID: 1193198905}
  m_Layer: 5
  m_Name: Text
  m_TagString: Untagged
  m_Icon: {fileID: 0}
  m_NavMeshLayer: 0
  m_StaticEditorFlags: 0
  m_IsActive: 1
--- !u!224 &1193198904
RectTransform:
  m_ObjectHideFlags: 0
  m_PrefabParentObject: {fileID: 0}
  m_PrefabInternal: {fileID: 0}
  m_GameObject: {fileID: 1193198903}
  m_LocalRotation: {x: 0, y: 0, z: 0, w: 1}
  m_LocalPosition: {x: 0, y: 0, z: 0}
  m_LocalScale: {x: 1, y: 1, z: 1}
  m_LocalEulerAnglesHint: {x: 0, y: 0, z: 0}
  m_Children: []
  m_Father: {fileID: 813880092}
  m_RootOrder: 4
  m_AnchorMin: {x: 0.5, y: 0.5}
  m_AnchorMax: {x: 0.5, y: 0.5}
  m_AnchoredPosition: {x: 159, y: -804}
  m_SizeDelta: {x: 598, y: 211}
  m_Pivot: {x: 0.5, y: 0.5}
--- !u!114 &1193198905
MonoBehaviour:
  m_ObjectHideFlags: 0
  m_PrefabParentObject: {fileID: 0}
  m_PrefabInternal: {fileID: 0}
  m_GameObject: {fileID: 1193198903}
  m_Enabled: 1
  m_EditorHideFlags: 0
  m_Script: {fileID: 708705254, guid: f5f67c52d1564df4a8936ccd202a3bd8, type: 3}
  m_Name: 
  m_EditorClassIdentifier: 
  m_Material: {fileID: 0}
  m_Color: {r: 0.007352948, g: 0.00746108, b: 0.00746108, a: 1}
  m_RaycastTarget: 1
  m_OnCullStateChanged:
    m_PersistentCalls:
      m_Calls: []
    m_TypeName: UnityEngine.UI.MaskableGraphic+CullStateChangedEvent, UnityEngine.UI,
      Version=1.0.0.0, Culture=neutral, PublicKeyToken=null
  m_FontData:
    m_Font: {fileID: 12800000, guid: 06658d79da7876a44bdf79ed735fb015, type: 3}
    m_FontSize: 30
    m_FontStyle: 0
    m_BestFit: 0
    m_MinSize: 0
    m_MaxSize: 41
    m_Alignment: 0
    m_AlignByGeometry: 0
    m_RichText: 1
    m_HorizontalOverflow: 0
    m_VerticalOverflow: 0
    m_LineSpacing: 1
  m_Text: 
--- !u!222 &1193198906
CanvasRenderer:
  m_ObjectHideFlags: 0
  m_PrefabParentObject: {fileID: 0}
  m_PrefabInternal: {fileID: 0}
  m_GameObject: {fileID: 1193198903}
--- !u!1001 &1233352173
Prefab:
  m_ObjectHideFlags: 0
  serializedVersion: 2
  m_Modification:
    m_TransformParent: {fileID: 69789150}
    m_Modifications:
    - target: {fileID: 474392, guid: 2f6eb84baf4b5564abfedf9568333dbe, type: 2}
      propertyPath: m_LocalPosition.x
      value: 0
      objectReference: {fileID: 0}
    - target: {fileID: 474392, guid: 2f6eb84baf4b5564abfedf9568333dbe, type: 2}
      propertyPath: m_LocalPosition.y
      value: 0
      objectReference: {fileID: 0}
    - target: {fileID: 474392, guid: 2f6eb84baf4b5564abfedf9568333dbe, type: 2}
      propertyPath: m_LocalPosition.z
      value: 0
      objectReference: {fileID: 0}
    - target: {fileID: 474392, guid: 2f6eb84baf4b5564abfedf9568333dbe, type: 2}
      propertyPath: m_LocalRotation.x
      value: 0
      objectReference: {fileID: 0}
    - target: {fileID: 474392, guid: 2f6eb84baf4b5564abfedf9568333dbe, type: 2}
      propertyPath: m_LocalRotation.y
      value: 0
      objectReference: {fileID: 0}
    - target: {fileID: 474392, guid: 2f6eb84baf4b5564abfedf9568333dbe, type: 2}
      propertyPath: m_LocalRotation.z
      value: 0
      objectReference: {fileID: 0}
    - target: {fileID: 474392, guid: 2f6eb84baf4b5564abfedf9568333dbe, type: 2}
      propertyPath: m_LocalRotation.w
      value: 1
      objectReference: {fileID: 0}
    - target: {fileID: 474392, guid: 2f6eb84baf4b5564abfedf9568333dbe, type: 2}
      propertyPath: m_RootOrder
      value: 1
      objectReference: {fileID: 0}
    m_RemovedComponents: []
  m_ParentPrefab: {fileID: 100100000, guid: 2f6eb84baf4b5564abfedf9568333dbe, type: 2}
  m_IsPrefabParent: 0
--- !u!4 &1233352174 stripped
Transform:
  m_PrefabParentObject: {fileID: 474392, guid: 2f6eb84baf4b5564abfedf9568333dbe, type: 2}
  m_PrefabInternal: {fileID: 1233352173}
--- !u!1001 &1399675411
Prefab:
  m_ObjectHideFlags: 0
  serializedVersion: 2
  m_Modification:
    m_TransformParent: {fileID: 69789150}
    m_Modifications:
    - target: {fileID: 464164, guid: 958b5cf4045bea64e8e7e0e09f3db20a, type: 2}
      propertyPath: m_LocalPosition.x
      value: 0
      objectReference: {fileID: 0}
    - target: {fileID: 464164, guid: 958b5cf4045bea64e8e7e0e09f3db20a, type: 2}
      propertyPath: m_LocalPosition.y
      value: 0
      objectReference: {fileID: 0}
    - target: {fileID: 464164, guid: 958b5cf4045bea64e8e7e0e09f3db20a, type: 2}
      propertyPath: m_LocalPosition.z
      value: 0
      objectReference: {fileID: 0}
    - target: {fileID: 464164, guid: 958b5cf4045bea64e8e7e0e09f3db20a, type: 2}
      propertyPath: m_LocalRotation.x
      value: 0
      objectReference: {fileID: 0}
    - target: {fileID: 464164, guid: 958b5cf4045bea64e8e7e0e09f3db20a, type: 2}
      propertyPath: m_LocalRotation.y
      value: 0
      objectReference: {fileID: 0}
    - target: {fileID: 464164, guid: 958b5cf4045bea64e8e7e0e09f3db20a, type: 2}
      propertyPath: m_LocalRotation.z
      value: 0
      objectReference: {fileID: 0}
    - target: {fileID: 464164, guid: 958b5cf4045bea64e8e7e0e09f3db20a, type: 2}
      propertyPath: m_LocalRotation.w
      value: 1
      objectReference: {fileID: 0}
    - target: {fileID: 464164, guid: 958b5cf4045bea64e8e7e0e09f3db20a, type: 2}
      propertyPath: m_RootOrder
      value: 0
      objectReference: {fileID: 0}
    m_RemovedComponents: []
  m_ParentPrefab: {fileID: 100100000, guid: 958b5cf4045bea64e8e7e0e09f3db20a, type: 2}
  m_IsPrefabParent: 0
--- !u!4 &1399675412 stripped
Transform:
  m_PrefabParentObject: {fileID: 464164, guid: 958b5cf4045bea64e8e7e0e09f3db20a, type: 2}
  m_PrefabInternal: {fileID: 1399675411}
--- !u!1 &1482701197
GameObject:
  m_ObjectHideFlags: 0
  m_PrefabParentObject: {fileID: 0}
  m_PrefabInternal: {fileID: 0}
  serializedVersion: 4
  m_Component:
  - 4: {fileID: 1482701199}
  - 114: {fileID: 1482701198}
  m_Layer: 0
  m_Name: app
  m_TagString: Untagged
  m_Icon: {fileID: 0}
  m_NavMeshLayer: 0
  m_StaticEditorFlags: 0
  m_IsActive: 1
--- !u!114 &1482701198
MonoBehaviour:
  m_ObjectHideFlags: 0
  m_PrefabParentObject: {fileID: 0}
  m_PrefabInternal: {fileID: 0}
  m_GameObject: {fileID: 1482701197}
  m_Enabled: 1
  m_EditorHideFlags: 0
  m_Script: {fileID: 11500000, guid: cd64467e7f92fbe40aa39e6d11057947, type: 3}
  m_Name: 
  m_EditorClassIdentifier: 
  debugOnScreen: 0
  verbose: 0
--- !u!4 &1482701199
Transform:
  m_ObjectHideFlags: 0
  m_PrefabParentObject: {fileID: 0}
  m_PrefabInternal: {fileID: 0}
  m_GameObject: {fileID: 1482701197}
  m_LocalRotation: {x: 0, y: 0, z: 0, w: 1}
  m_LocalPosition: {x: 0, y: 0, z: 0}
  m_LocalScale: {x: 1, y: 1, z: 1}
  m_LocalEulerAnglesHint: {x: 0, y: 0, z: 0}
  m_Children:
  - {fileID: 797537752}
  - {fileID: 69789150}
  - {fileID: 669995035}
  - {fileID: 867593983}
  - {fileID: 590452645}
  - {fileID: 358671980}
  m_Father: {fileID: 0}
  m_RootOrder: 0
--- !u!1001 &1505919475
Prefab:
  m_ObjectHideFlags: 0
  serializedVersion: 2
  m_Modification:
    m_TransformParent: {fileID: 669995035}
    m_Modifications:
    - target: {fileID: 4000012193684638, guid: 083283e47ecea0446b39218a1aeed6e5, type: 2}
      propertyPath: m_LocalPosition.x
      value: 0
      objectReference: {fileID: 0}
    - target: {fileID: 4000012193684638, guid: 083283e47ecea0446b39218a1aeed6e5, type: 2}
      propertyPath: m_LocalPosition.y
      value: 0
      objectReference: {fileID: 0}
    - target: {fileID: 4000012193684638, guid: 083283e47ecea0446b39218a1aeed6e5, type: 2}
      propertyPath: m_LocalPosition.z
      value: 0
      objectReference: {fileID: 0}
    - target: {fileID: 4000012193684638, guid: 083283e47ecea0446b39218a1aeed6e5, type: 2}
      propertyPath: m_LocalRotation.x
      value: 0
      objectReference: {fileID: 0}
    - target: {fileID: 4000012193684638, guid: 083283e47ecea0446b39218a1aeed6e5, type: 2}
      propertyPath: m_LocalRotation.y
      value: 0
      objectReference: {fileID: 0}
    - target: {fileID: 4000012193684638, guid: 083283e47ecea0446b39218a1aeed6e5, type: 2}
      propertyPath: m_LocalRotation.z
      value: 0
      objectReference: {fileID: 0}
    - target: {fileID: 4000012193684638, guid: 083283e47ecea0446b39218a1aeed6e5, type: 2}
      propertyPath: m_LocalRotation.w
      value: 1
      objectReference: {fileID: 0}
    - target: {fileID: 4000012193684638, guid: 083283e47ecea0446b39218a1aeed6e5, type: 2}
      propertyPath: m_RootOrder
      value: 1
      objectReference: {fileID: 0}
    m_RemovedComponents: []
  m_ParentPrefab: {fileID: 100100000, guid: 083283e47ecea0446b39218a1aeed6e5, type: 2}
  m_IsPrefabParent: 0
--- !u!4 &1505919476 stripped
Transform:
  m_PrefabParentObject: {fileID: 4000012193684638, guid: 083283e47ecea0446b39218a1aeed6e5,
    type: 2}
  m_PrefabInternal: {fileID: 1505919475}
--- !u!1001 &2139004684
Prefab:
  m_ObjectHideFlags: 0
  serializedVersion: 2
  m_Modification:
    m_TransformParent: {fileID: 669995035}
    m_Modifications:
    - target: {fileID: 429096, guid: a24047aa89b440d48927dc8eadf85b09, type: 2}
      propertyPath: m_LocalPosition.x
      value: 0
      objectReference: {fileID: 0}
    - target: {fileID: 429096, guid: a24047aa89b440d48927dc8eadf85b09, type: 2}
      propertyPath: m_LocalPosition.y
      value: 0
      objectReference: {fileID: 0}
    - target: {fileID: 429096, guid: a24047aa89b440d48927dc8eadf85b09, type: 2}
      propertyPath: m_LocalPosition.z
      value: 0
      objectReference: {fileID: 0}
    - target: {fileID: 429096, guid: a24047aa89b440d48927dc8eadf85b09, type: 2}
      propertyPath: m_LocalRotation.x
      value: 0
      objectReference: {fileID: 0}
    - target: {fileID: 429096, guid: a24047aa89b440d48927dc8eadf85b09, type: 2}
      propertyPath: m_LocalRotation.y
      value: 0
      objectReference: {fileID: 0}
    - target: {fileID: 429096, guid: a24047aa89b440d48927dc8eadf85b09, type: 2}
      propertyPath: m_LocalRotation.z
      value: 0
      objectReference: {fileID: 0}
    - target: {fileID: 429096, guid: a24047aa89b440d48927dc8eadf85b09, type: 2}
      propertyPath: m_LocalRotation.w
      value: 1
      objectReference: {fileID: 0}
    - target: {fileID: 429096, guid: a24047aa89b440d48927dc8eadf85b09, type: 2}
      propertyPath: m_RootOrder
      value: 3
      objectReference: {fileID: 0}
    m_RemovedComponents: []
  m_ParentPrefab: {fileID: 100100000, guid: a24047aa89b440d48927dc8eadf85b09, type: 2}
  m_IsPrefabParent: 0
--- !u!4 &2139004685 stripped
Transform:
  m_PrefabParentObject: {fileID: 429096, guid: a24047aa89b440d48927dc8eadf85b09, type: 2}
  m_PrefabInternal: {fileID: 2139004684}
