%YAML 1.1
%TAG !u! tag:unity3d.com,2011:
--- !u!29 &1
SceneSettings:
  m_ObjectHideFlags: 0
  m_PVSData: 
  m_PVSObjectsArray: []
  m_PVSPortalsArray: []
  m_OcclusionBakeSettings:
    smallestOccluder: 5
    smallestHole: 0.25
    backfaceThreshold: 100
--- !u!104 &2
RenderSettings:
  m_ObjectHideFlags: 0
  serializedVersion: 7
  m_Fog: 0
  m_FogColor: {r: 0.5, g: 0.5, b: 0.5, a: 1}
  m_FogMode: 3
  m_FogDensity: 0.01
  m_LinearFogStart: 0
  m_LinearFogEnd: 300
  m_AmbientSkyColor: {r: 0.212, g: 0.227, b: 0.259, a: 1}
  m_AmbientEquatorColor: {r: 0.114, g: 0.125, b: 0.133, a: 1}
  m_AmbientGroundColor: {r: 0.047, g: 0.043, b: 0.035, a: 1}
  m_AmbientIntensity: 1
  m_AmbientMode: 3
  m_SkyboxMaterial: {fileID: 0}
  m_HaloStrength: 0.5
  m_FlareStrength: 1
  m_FlareFadeSpeed: 3
  m_HaloTexture: {fileID: 0}
  m_SpotCookie: {fileID: 10001, guid: 0000000000000000e000000000000000, type: 0}
  m_DefaultReflectionMode: 0
  m_DefaultReflectionResolution: 128
  m_ReflectionBounces: 1
  m_ReflectionIntensity: 1
  m_CustomReflection: {fileID: 0}
  m_Sun: {fileID: 0}
  m_IndirectSpecularColor: {r: 0, g: 0, b: 0, a: 1}
--- !u!157 &3
LightmapSettings:
  m_ObjectHideFlags: 0
  serializedVersion: 7
  m_GIWorkflowMode: 1
  m_GISettings:
    serializedVersion: 2
    m_BounceScale: 1
    m_IndirectOutputScale: 1
    m_AlbedoBoost: 1
    m_TemporalCoherenceThreshold: 1
    m_EnvironmentLightingMode: 0
    m_EnableBakedLightmaps: 0
    m_EnableRealtimeLightmaps: 0
  m_LightmapEditorSettings:
    serializedVersion: 4
    m_Resolution: 2
    m_BakeResolution: 40
    m_TextureWidth: 1024
    m_TextureHeight: 1024
    m_AO: 0
    m_AOMaxDistance: 1
    m_CompAOExponent: 0
    m_CompAOExponentDirect: 0
    m_Padding: 2
    m_LightmapParameters: {fileID: 0}
    m_LightmapsBakeMode: 1
    m_TextureCompression: 1
    m_DirectLightInLightProbes: 1
    m_FinalGather: 0
    m_FinalGatherFiltering: 1
    m_FinalGatherRayCount: 1024
    m_ReflectionCompression: 2
  m_LightingDataAsset: {fileID: 0}
  m_RuntimeCPUUsage: 25
--- !u!196 &4
NavMeshSettings:
  serializedVersion: 2
  m_ObjectHideFlags: 0
  m_BuildSettings:
    serializedVersion: 2
    agentRadius: 0.5
    agentHeight: 2
    agentSlope: 45
    agentClimb: 0.4
    ledgeDropHeight: 0
    maxJumpAcrossDistance: 0
    accuratePlacement: 0
    minRegionArea: 2
    cellSize: 0.16666667
    manualCellSize: 0
  m_NavMeshData: {fileID: 0}
--- !u!1 &1170434
GameObject:
  m_ObjectHideFlags: 0
  m_PrefabParentObject: {fileID: 0}
  m_PrefabInternal: {fileID: 0}
  serializedVersion: 4
  m_Component:
  - 4: {fileID: 1170435}
  - 114: {fileID: 1170437}
  - 114: {fileID: 1170436}
  m_Layer: 0
  m_Name: EventSystem
  m_TagString: Untagged
  m_Icon: {fileID: 0}
  m_NavMeshLayer: 0
  m_StaticEditorFlags: 0
  m_IsActive: 1
--- !u!4 &1170435
Transform:
  m_ObjectHideFlags: 0
  m_PrefabParentObject: {fileID: 0}
  m_PrefabInternal: {fileID: 0}
  m_GameObject: {fileID: 1170434}
  m_LocalRotation: {x: 0, y: 0, z: 0, w: 1}
  m_LocalPosition: {x: 0, y: 0, z: 0}
  m_LocalScale: {x: 1, y: 1, z: 1}
  m_LocalEulerAnglesHint: {x: 0, y: 0, z: 0}
  m_Children: []
  m_Father: {fileID: 1668350244}
  m_RootOrder: 5
--- !u!114 &1170436
MonoBehaviour:
  m_ObjectHideFlags: 0
  m_PrefabParentObject: {fileID: 0}
  m_PrefabInternal: {fileID: 0}
  m_GameObject: {fileID: 1170434}
  m_Enabled: 1
  m_EditorHideFlags: 0
  m_Script: {fileID: 1077351063, guid: f5f67c52d1564df4a8936ccd202a3bd8, type: 3}
  m_Name: 
  m_EditorClassIdentifier: 
  m_HorizontalAxis: Horizontal
  m_VerticalAxis: Vertical
  m_SubmitButton: Submit
  m_CancelButton: Cancel
  m_InputActionsPerSecond: 10
  m_RepeatDelay: 0.5
  m_ForceModuleActive: 0
--- !u!114 &1170437
MonoBehaviour:
  m_ObjectHideFlags: 0
  m_PrefabParentObject: {fileID: 0}
  m_PrefabInternal: {fileID: 0}
  m_GameObject: {fileID: 1170434}
  m_Enabled: 1
  m_EditorHideFlags: 0
  m_Script: {fileID: -619905303, guid: f5f67c52d1564df4a8936ccd202a3bd8, type: 3}
  m_Name: 
  m_EditorClassIdentifier: 
  m_FirstSelected: {fileID: 0}
  m_sendNavigationEvents: 1
  m_DragThreshold: 5
--- !u!1001 &133316112
Prefab:
  m_ObjectHideFlags: 0
  serializedVersion: 2
  m_Modification:
    m_TransformParent: {fileID: 1904860225}
    m_Modifications:
    - target: {fileID: 224000013358399398, guid: 4795c1d81fcd8da44b006b968194e413,
        type: 2}
      propertyPath: m_LocalPosition.x
      value: 0
      objectReference: {fileID: 0}
    - target: {fileID: 224000013358399398, guid: 4795c1d81fcd8da44b006b968194e413,
        type: 2}
      propertyPath: m_LocalPosition.y
      value: 0
      objectReference: {fileID: 0}
    - target: {fileID: 224000013358399398, guid: 4795c1d81fcd8da44b006b968194e413,
        type: 2}
      propertyPath: m_LocalPosition.z
      value: 0
      objectReference: {fileID: 0}
    - target: {fileID: 224000013358399398, guid: 4795c1d81fcd8da44b006b968194e413,
        type: 2}
      propertyPath: m_LocalRotation.x
      value: -0
      objectReference: {fileID: 0}
    - target: {fileID: 224000013358399398, guid: 4795c1d81fcd8da44b006b968194e413,
        type: 2}
      propertyPath: m_LocalRotation.y
      value: -0
      objectReference: {fileID: 0}
    - target: {fileID: 224000013358399398, guid: 4795c1d81fcd8da44b006b968194e413,
        type: 2}
      propertyPath: m_LocalRotation.z
      value: -0
      objectReference: {fileID: 0}
    - target: {fileID: 224000013358399398, guid: 4795c1d81fcd8da44b006b968194e413,
        type: 2}
      propertyPath: m_LocalRotation.w
      value: 1
      objectReference: {fileID: 0}
    - target: {fileID: 224000013358399398, guid: 4795c1d81fcd8da44b006b968194e413,
        type: 2}
      propertyPath: m_RootOrder
      value: 5
      objectReference: {fileID: 0}
    - target: {fileID: 224000013358399398, guid: 4795c1d81fcd8da44b006b968194e413,
        type: 2}
      propertyPath: m_AnchoredPosition.x
      value: 0
      objectReference: {fileID: 0}
    - target: {fileID: 224000013358399398, guid: 4795c1d81fcd8da44b006b968194e413,
        type: 2}
      propertyPath: m_AnchoredPosition.y
      value: 0
      objectReference: {fileID: 0}
    - target: {fileID: 224000013358399398, guid: 4795c1d81fcd8da44b006b968194e413,
        type: 2}
      propertyPath: m_SizeDelta.x
      value: 100
      objectReference: {fileID: 0}
    - target: {fileID: 224000013358399398, guid: 4795c1d81fcd8da44b006b968194e413,
        type: 2}
      propertyPath: m_SizeDelta.y
      value: 100
      objectReference: {fileID: 0}
    - target: {fileID: 224000013358399398, guid: 4795c1d81fcd8da44b006b968194e413,
        type: 2}
      propertyPath: m_AnchorMin.x
      value: 0.5
      objectReference: {fileID: 0}
    - target: {fileID: 224000013358399398, guid: 4795c1d81fcd8da44b006b968194e413,
        type: 2}
      propertyPath: m_AnchorMin.y
      value: 0.5
      objectReference: {fileID: 0}
    - target: {fileID: 224000013358399398, guid: 4795c1d81fcd8da44b006b968194e413,
        type: 2}
      propertyPath: m_AnchorMax.x
      value: 0.5
      objectReference: {fileID: 0}
    - target: {fileID: 224000013358399398, guid: 4795c1d81fcd8da44b006b968194e413,
        type: 2}
      propertyPath: m_AnchorMax.y
      value: 0.5
      objectReference: {fileID: 0}
    - target: {fileID: 224000013358399398, guid: 4795c1d81fcd8da44b006b968194e413,
        type: 2}
      propertyPath: m_Pivot.x
      value: 0.5
      objectReference: {fileID: 0}
    - target: {fileID: 224000013358399398, guid: 4795c1d81fcd8da44b006b968194e413,
        type: 2}
      propertyPath: m_Pivot.y
      value: 0.5
      objectReference: {fileID: 0}
    - target: {fileID: 114000014034699112, guid: 4795c1d81fcd8da44b006b968194e413,
        type: 2}
      propertyPath: m_OnClick.m_PersistentCalls.m_Calls.Array.data[0].m_Target
      value: 
      objectReference: {fileID: 1731926223}
    - target: {fileID: 114000011753743282, guid: 4795c1d81fcd8da44b006b968194e413,
        type: 2}
      propertyPath: m_OnClick.m_PersistentCalls.m_Calls.Array.data[0].m_Target
      value: 
      objectReference: {fileID: 1731926223}
    - target: {fileID: 114000013789599448, guid: 4795c1d81fcd8da44b006b968194e413,
        type: 2}
      propertyPath: m_OnClick.m_PersistentCalls.m_Calls.Array.data[0].m_Target
      value: 
      objectReference: {fileID: 1731926223}
    - target: {fileID: 1000013926315940, guid: 4795c1d81fcd8da44b006b968194e413, type: 2}
      propertyPath: m_IsActive
      value: 0
      objectReference: {fileID: 0}
    m_RemovedComponents: []
  m_ParentPrefab: {fileID: 100100000, guid: 4795c1d81fcd8da44b006b968194e413, type: 2}
  m_IsPrefabParent: 0
--- !u!1 &133316113 stripped
GameObject:
  m_PrefabParentObject: {fileID: 1000013926315940, guid: 4795c1d81fcd8da44b006b968194e413,
    type: 2}
  m_PrefabInternal: {fileID: 133316112}
--- !u!1001 &150347046
Prefab:
  m_ObjectHideFlags: 0
  serializedVersion: 2
  m_Modification:
    m_TransformParent: {fileID: 2021717009}
    m_Modifications:
    - target: {fileID: 4000012193684638, guid: 083283e47ecea0446b39218a1aeed6e5, type: 2}
      propertyPath: m_LocalPosition.x
      value: 0
      objectReference: {fileID: 0}
    - target: {fileID: 4000012193684638, guid: 083283e47ecea0446b39218a1aeed6e5, type: 2}
      propertyPath: m_LocalPosition.y
      value: 0
      objectReference: {fileID: 0}
    - target: {fileID: 4000012193684638, guid: 083283e47ecea0446b39218a1aeed6e5, type: 2}
      propertyPath: m_LocalPosition.z
      value: 0
      objectReference: {fileID: 0}
    - target: {fileID: 4000012193684638, guid: 083283e47ecea0446b39218a1aeed6e5, type: 2}
      propertyPath: m_LocalRotation.x
      value: 0
      objectReference: {fileID: 0}
    - target: {fileID: 4000012193684638, guid: 083283e47ecea0446b39218a1aeed6e5, type: 2}
      propertyPath: m_LocalRotation.y
      value: 0
      objectReference: {fileID: 0}
    - target: {fileID: 4000012193684638, guid: 083283e47ecea0446b39218a1aeed6e5, type: 2}
      propertyPath: m_LocalRotation.z
      value: 0
      objectReference: {fileID: 0}
    - target: {fileID: 4000012193684638, guid: 083283e47ecea0446b39218a1aeed6e5, type: 2}
      propertyPath: m_LocalRotation.w
      value: 1
      objectReference: {fileID: 0}
    - target: {fileID: 4000012193684638, guid: 083283e47ecea0446b39218a1aeed6e5, type: 2}
      propertyPath: m_RootOrder
      value: 1
      objectReference: {fileID: 0}
    m_RemovedComponents: []
  m_ParentPrefab: {fileID: 100100000, guid: 083283e47ecea0446b39218a1aeed6e5, type: 2}
  m_IsPrefabParent: 0
--- !u!4 &150347047 stripped
Transform:
  m_PrefabParentObject: {fileID: 4000012193684638, guid: 083283e47ecea0446b39218a1aeed6e5,
    type: 2}
  m_PrefabInternal: {fileID: 150347046}
--- !u!1001 &346348409
Prefab:
  m_ObjectHideFlags: 0
  serializedVersion: 2
  m_Modification:
    m_TransformParent: {fileID: 1668350244}
    m_Modifications:
    - target: {fileID: 409374, guid: 8f9bc1ebc70ec9d44a84292715dbd653, type: 2}
      propertyPath: m_LocalPosition.x
      value: 0
      objectReference: {fileID: 0}
    - target: {fileID: 409374, guid: 8f9bc1ebc70ec9d44a84292715dbd653, type: 2}
      propertyPath: m_LocalPosition.y
      value: 0
      objectReference: {fileID: 0}
    - target: {fileID: 409374, guid: 8f9bc1ebc70ec9d44a84292715dbd653, type: 2}
      propertyPath: m_LocalPosition.z
      value: 0
      objectReference: {fileID: 0}
    - target: {fileID: 409374, guid: 8f9bc1ebc70ec9d44a84292715dbd653, type: 2}
      propertyPath: m_LocalRotation.x
      value: 0
      objectReference: {fileID: 0}
    - target: {fileID: 409374, guid: 8f9bc1ebc70ec9d44a84292715dbd653, type: 2}
      propertyPath: m_LocalRotation.y
      value: 0
      objectReference: {fileID: 0}
    - target: {fileID: 409374, guid: 8f9bc1ebc70ec9d44a84292715dbd653, type: 2}
      propertyPath: m_LocalRotation.z
      value: 0
      objectReference: {fileID: 0}
    - target: {fileID: 409374, guid: 8f9bc1ebc70ec9d44a84292715dbd653, type: 2}
      propertyPath: m_LocalRotation.w
      value: 1
      objectReference: {fileID: 0}
    - target: {fileID: 409374, guid: 8f9bc1ebc70ec9d44a84292715dbd653, type: 2}
      propertyPath: m_RootOrder
      value: 4
      objectReference: {fileID: 0}
    m_RemovedComponents: []
  m_ParentPrefab: {fileID: 100100000, guid: 8f9bc1ebc70ec9d44a84292715dbd653, type: 2}
  m_IsPrefabParent: 0
--- !u!4 &346348410 stripped
Transform:
  m_PrefabParentObject: {fileID: 409374, guid: 8f9bc1ebc70ec9d44a84292715dbd653, type: 2}
  m_PrefabInternal: {fileID: 346348409}
--- !u!1001 &389786763
Prefab:
  m_ObjectHideFlags: 0
  serializedVersion: 2
  m_Modification:
    m_TransformParent: {fileID: 1904860225}
    m_Modifications:
    - target: {fileID: 224000010416612658, guid: d598e6b045a0d53498328f38a44e93f7,
        type: 2}
      propertyPath: m_LocalPosition.x
      value: 0
      objectReference: {fileID: 0}
    - target: {fileID: 224000010416612658, guid: d598e6b045a0d53498328f38a44e93f7,
        type: 2}
      propertyPath: m_LocalPosition.y
      value: 0
      objectReference: {fileID: 0}
    - target: {fileID: 224000010416612658, guid: d598e6b045a0d53498328f38a44e93f7,
        type: 2}
      propertyPath: m_LocalPosition.z
      value: 0
      objectReference: {fileID: 0}
    - target: {fileID: 224000010416612658, guid: d598e6b045a0d53498328f38a44e93f7,
        type: 2}
      propertyPath: m_LocalRotation.x
      value: 0
      objectReference: {fileID: 0}
    - target: {fileID: 224000010416612658, guid: d598e6b045a0d53498328f38a44e93f7,
        type: 2}
      propertyPath: m_LocalRotation.y
      value: 0
      objectReference: {fileID: 0}
    - target: {fileID: 224000010416612658, guid: d598e6b045a0d53498328f38a44e93f7,
        type: 2}
      propertyPath: m_LocalRotation.z
      value: 0
      objectReference: {fileID: 0}
    - target: {fileID: 224000010416612658, guid: d598e6b045a0d53498328f38a44e93f7,
        type: 2}
      propertyPath: m_LocalRotation.w
      value: 1
      objectReference: {fileID: 0}
    - target: {fileID: 224000010416612658, guid: d598e6b045a0d53498328f38a44e93f7,
        type: 2}
      propertyPath: m_RootOrder
      value: 1
      objectReference: {fileID: 0}
    - target: {fileID: 224000010416612658, guid: d598e6b045a0d53498328f38a44e93f7,
        type: 2}
      propertyPath: m_AnchoredPosition.x
      value: 91.400024
      objectReference: {fileID: 0}
    - target: {fileID: 224000010416612658, guid: d598e6b045a0d53498328f38a44e93f7,
        type: 2}
      propertyPath: m_AnchoredPosition.y
      value: -48.100098
      objectReference: {fileID: 0}
    - target: {fileID: 224000010416612658, guid: d598e6b045a0d53498328f38a44e93f7,
        type: 2}
      propertyPath: m_SizeDelta.x
      value: 151.8
      objectReference: {fileID: 0}
    - target: {fileID: 224000010416612658, guid: d598e6b045a0d53498328f38a44e93f7,
        type: 2}
      propertyPath: m_SizeDelta.y
      value: 65
      objectReference: {fileID: 0}
    - target: {fileID: 224000010416612658, guid: d598e6b045a0d53498328f38a44e93f7,
        type: 2}
      propertyPath: m_AnchorMin.x
      value: 0
      objectReference: {fileID: 0}
    - target: {fileID: 224000010416612658, guid: d598e6b045a0d53498328f38a44e93f7,
        type: 2}
      propertyPath: m_AnchorMin.y
      value: 1
      objectReference: {fileID: 0}
    - target: {fileID: 224000010416612658, guid: d598e6b045a0d53498328f38a44e93f7,
        type: 2}
      propertyPath: m_AnchorMax.x
      value: 0
      objectReference: {fileID: 0}
    - target: {fileID: 224000010416612658, guid: d598e6b045a0d53498328f38a44e93f7,
        type: 2}
      propertyPath: m_AnchorMax.y
      value: 1
      objectReference: {fileID: 0}
    - target: {fileID: 224000010416612658, guid: d598e6b045a0d53498328f38a44e93f7,
        type: 2}
      propertyPath: m_Pivot.x
      value: 0.5
      objectReference: {fileID: 0}
    - target: {fileID: 224000010416612658, guid: d598e6b045a0d53498328f38a44e93f7,
        type: 2}
      propertyPath: m_Pivot.y
      value: 0.5
      objectReference: {fileID: 0}
    m_RemovedComponents: []
  m_ParentPrefab: {fileID: 100100000, guid: d598e6b045a0d53498328f38a44e93f7, type: 2}
  m_IsPrefabParent: 0
--- !u!1 &389786764 stripped
GameObject:
  m_PrefabParentObject: {fileID: 1000011131524934, guid: d598e6b045a0d53498328f38a44e93f7,
    type: 2}
  m_PrefabInternal: {fileID: 389786763}
--- !u!1001 &652982247
Prefab:
  m_ObjectHideFlags: 0
  serializedVersion: 2
  m_Modification:
    m_TransformParent: {fileID: 1904860225}
    m_Modifications:
    - target: {fileID: 224000010965550462, guid: 3c432f5740162d24aa68a5e953219090,
        type: 2}
      propertyPath: m_LocalPosition.x
      value: 0
      objectReference: {fileID: 0}
    - target: {fileID: 224000010965550462, guid: 3c432f5740162d24aa68a5e953219090,
        type: 2}
      propertyPath: m_LocalPosition.y
      value: 0
      objectReference: {fileID: 0}
    - target: {fileID: 224000010965550462, guid: 3c432f5740162d24aa68a5e953219090,
        type: 2}
      propertyPath: m_LocalPosition.z
      value: -11520
      objectReference: {fileID: 0}
    - target: {fileID: 224000010965550462, guid: 3c432f5740162d24aa68a5e953219090,
        type: 2}
      propertyPath: m_LocalRotation.x
      value: -0
      objectReference: {fileID: 0}
    - target: {fileID: 224000010965550462, guid: 3c432f5740162d24aa68a5e953219090,
        type: 2}
      propertyPath: m_LocalRotation.y
      value: -0
      objectReference: {fileID: 0}
    - target: {fileID: 224000010965550462, guid: 3c432f5740162d24aa68a5e953219090,
        type: 2}
      propertyPath: m_LocalRotation.z
      value: -0
      objectReference: {fileID: 0}
    - target: {fileID: 224000010965550462, guid: 3c432f5740162d24aa68a5e953219090,
        type: 2}
      propertyPath: m_LocalRotation.w
      value: 1
      objectReference: {fileID: 0}
    - target: {fileID: 224000010965550462, guid: 3c432f5740162d24aa68a5e953219090,
        type: 2}
      propertyPath: m_RootOrder
      value: 3
      objectReference: {fileID: 0}
    - target: {fileID: 224000010965550462, guid: 3c432f5740162d24aa68a5e953219090,
        type: 2}
      propertyPath: m_AnchoredPosition.x
      value: 0
      objectReference: {fileID: 0}
    - target: {fileID: 224000010965550462, guid: 3c432f5740162d24aa68a5e953219090,
        type: 2}
      propertyPath: m_AnchoredPosition.y
      value: 520
      objectReference: {fileID: 0}
    - target: {fileID: 224000010965550462, guid: 3c432f5740162d24aa68a5e953219090,
        type: 2}
      propertyPath: m_SizeDelta.x
      value: 250
      objectReference: {fileID: 0}
    - target: {fileID: 224000010965550462, guid: 3c432f5740162d24aa68a5e953219090,
        type: 2}
      propertyPath: m_SizeDelta.y
      value: 20
      objectReference: {fileID: 0}
    - target: {fileID: 224000010965550462, guid: 3c432f5740162d24aa68a5e953219090,
        type: 2}
      propertyPath: m_AnchorMin.x
      value: 0.5
      objectReference: {fileID: 0}
    - target: {fileID: 224000010965550462, guid: 3c432f5740162d24aa68a5e953219090,
        type: 2}
      propertyPath: m_AnchorMin.y
      value: 0.5
      objectReference: {fileID: 0}
    - target: {fileID: 224000010965550462, guid: 3c432f5740162d24aa68a5e953219090,
        type: 2}
      propertyPath: m_AnchorMax.x
      value: 0.5
      objectReference: {fileID: 0}
    - target: {fileID: 224000010965550462, guid: 3c432f5740162d24aa68a5e953219090,
        type: 2}
      propertyPath: m_AnchorMax.y
      value: 0.5
      objectReference: {fileID: 0}
    - target: {fileID: 224000010965550462, guid: 3c432f5740162d24aa68a5e953219090,
        type: 2}
      propertyPath: m_Pivot.x
      value: 0.5
      objectReference: {fileID: 0}
    - target: {fileID: 224000010965550462, guid: 3c432f5740162d24aa68a5e953219090,
        type: 2}
      propertyPath: m_Pivot.y
      value: 0.5
      objectReference: {fileID: 0}
    m_RemovedComponents: []
  m_ParentPrefab: {fileID: 100100000, guid: 3c432f5740162d24aa68a5e953219090, type: 2}
  m_IsPrefabParent: 0
--- !u!1 &652982249 stripped
GameObject:
  m_PrefabParentObject: {fileID: 1000012731423306, guid: 3c432f5740162d24aa68a5e953219090,
    type: 2}
  m_PrefabInternal: {fileID: 652982247}
--- !u!1001 &679029706
Prefab:
  m_ObjectHideFlags: 0
  serializedVersion: 2
  m_Modification:
    m_TransformParent: {fileID: 1904860225}
    m_Modifications:
    - target: {fileID: 224000012886779596, guid: 6a0b16b4ade19d04aadb11db8dd592f0,
        type: 2}
      propertyPath: m_LocalPosition.x
      value: 0
      objectReference: {fileID: 0}
    - target: {fileID: 224000012886779596, guid: 6a0b16b4ade19d04aadb11db8dd592f0,
        type: 2}
      propertyPath: m_LocalPosition.y
      value: 0
      objectReference: {fileID: 0}
    - target: {fileID: 224000012886779596, guid: 6a0b16b4ade19d04aadb11db8dd592f0,
        type: 2}
      propertyPath: m_LocalPosition.z
      value: 0
      objectReference: {fileID: 0}
    - target: {fileID: 224000012886779596, guid: 6a0b16b4ade19d04aadb11db8dd592f0,
        type: 2}
      propertyPath: m_LocalRotation.x
      value: 0
      objectReference: {fileID: 0}
    - target: {fileID: 224000012886779596, guid: 6a0b16b4ade19d04aadb11db8dd592f0,
        type: 2}
      propertyPath: m_LocalRotation.y
      value: 0
      objectReference: {fileID: 0}
    - target: {fileID: 224000012886779596, guid: 6a0b16b4ade19d04aadb11db8dd592f0,
        type: 2}
      propertyPath: m_LocalRotation.z
      value: 0
      objectReference: {fileID: 0}
    - target: {fileID: 224000012886779596, guid: 6a0b16b4ade19d04aadb11db8dd592f0,
        type: 2}
      propertyPath: m_LocalRotation.w
      value: 1
      objectReference: {fileID: 0}
    - target: {fileID: 224000012886779596, guid: 6a0b16b4ade19d04aadb11db8dd592f0,
        type: 2}
      propertyPath: m_RootOrder
      value: 0
      objectReference: {fileID: 0}
    - target: {fileID: 224000012886779596, guid: 6a0b16b4ade19d04aadb11db8dd592f0,
        type: 2}
      propertyPath: m_AnchoredPosition.x
      value: -0.000005722046
      objectReference: {fileID: 0}
    - target: {fileID: 224000012886779596, guid: 6a0b16b4ade19d04aadb11db8dd592f0,
        type: 2}
      propertyPath: m_AnchoredPosition.y
      value: -48.100098
      objectReference: {fileID: 0}
    - target: {fileID: 224000012886779596, guid: 6a0b16b4ade19d04aadb11db8dd592f0,
        type: 2}
      propertyPath: m_SizeDelta.x
      value: 213.3
      objectReference: {fileID: 0}
    - target: {fileID: 224000012886779596, guid: 6a0b16b4ade19d04aadb11db8dd592f0,
        type: 2}
      propertyPath: m_SizeDelta.y
      value: 96.2
      objectReference: {fileID: 0}
    - target: {fileID: 224000012886779596, guid: 6a0b16b4ade19d04aadb11db8dd592f0,
        type: 2}
      propertyPath: m_AnchorMin.x
      value: 0.5
      objectReference: {fileID: 0}
    - target: {fileID: 224000012886779596, guid: 6a0b16b4ade19d04aadb11db8dd592f0,
        type: 2}
      propertyPath: m_AnchorMin.y
      value: 1
      objectReference: {fileID: 0}
    - target: {fileID: 224000012886779596, guid: 6a0b16b4ade19d04aadb11db8dd592f0,
        type: 2}
      propertyPath: m_AnchorMax.x
      value: 0.5
      objectReference: {fileID: 0}
    - target: {fileID: 224000012886779596, guid: 6a0b16b4ade19d04aadb11db8dd592f0,
        type: 2}
      propertyPath: m_AnchorMax.y
      value: 1
      objectReference: {fileID: 0}
    - target: {fileID: 224000012886779596, guid: 6a0b16b4ade19d04aadb11db8dd592f0,
        type: 2}
      propertyPath: m_Pivot.x
      value: 0.5
      objectReference: {fileID: 0}
    - target: {fileID: 224000012886779596, guid: 6a0b16b4ade19d04aadb11db8dd592f0,
        type: 2}
      propertyPath: m_Pivot.y
      value: 0.5
      objectReference: {fileID: 0}
    m_RemovedComponents: []
  m_ParentPrefab: {fileID: 100100000, guid: 6a0b16b4ade19d04aadb11db8dd592f0, type: 2}
  m_IsPrefabParent: 0
--- !u!1 &679029707 stripped
GameObject:
  m_PrefabParentObject: {fileID: 1000010858478906, guid: 6a0b16b4ade19d04aadb11db8dd592f0,
    type: 2}
  m_PrefabInternal: {fileID: 679029706}
--- !u!1001 &693206758
Prefab:
  m_ObjectHideFlags: 0
  serializedVersion: 2
  m_Modification:
    m_TransformParent: {fileID: 1668350244}
    m_Modifications:
    - target: {fileID: 499162, guid: 43b6fabd4a626fa479b10bc71bedec13, type: 2}
      propertyPath: m_LocalPosition.x
      value: 0
      objectReference: {fileID: 0}
    - target: {fileID: 499162, guid: 43b6fabd4a626fa479b10bc71bedec13, type: 2}
      propertyPath: m_LocalPosition.y
      value: 0
      objectReference: {fileID: 0}
    - target: {fileID: 499162, guid: 43b6fabd4a626fa479b10bc71bedec13, type: 2}
      propertyPath: m_LocalPosition.z
      value: 0
      objectReference: {fileID: 0}
    - target: {fileID: 499162, guid: 43b6fabd4a626fa479b10bc71bedec13, type: 2}
      propertyPath: m_LocalRotation.x
      value: 0
      objectReference: {fileID: 0}
    - target: {fileID: 499162, guid: 43b6fabd4a626fa479b10bc71bedec13, type: 2}
      propertyPath: m_LocalRotation.y
      value: 0
      objectReference: {fileID: 0}
    - target: {fileID: 499162, guid: 43b6fabd4a626fa479b10bc71bedec13, type: 2}
      propertyPath: m_LocalRotation.z
      value: 0
      objectReference: {fileID: 0}
    - target: {fileID: 499162, guid: 43b6fabd4a626fa479b10bc71bedec13, type: 2}
      propertyPath: m_LocalRotation.w
      value: 1
      objectReference: {fileID: 0}
    - target: {fileID: 499162, guid: 43b6fabd4a626fa479b10bc71bedec13, type: 2}
      propertyPath: m_RootOrder
      value: 3
      objectReference: {fileID: 0}
    m_RemovedComponents: []
  m_ParentPrefab: {fileID: 100100000, guid: 43b6fabd4a626fa479b10bc71bedec13, type: 2}
  m_IsPrefabParent: 0
--- !u!4 &693206759 stripped
Transform:
  m_PrefabParentObject: {fileID: 499162, guid: 43b6fabd4a626fa479b10bc71bedec13, type: 2}
  m_PrefabInternal: {fileID: 693206758}
--- !u!1001 &893338244
Prefab:
  m_ObjectHideFlags: 0
  serializedVersion: 2
  m_Modification:
    m_TransformParent: {fileID: 1904860225}
    m_Modifications:
    - target: {fileID: 224000012052763054, guid: e11590cb9e1772545a46c7ff80034496,
        type: 2}
      propertyPath: m_LocalPosition.x
      value: 0
      objectReference: {fileID: 0}
    - target: {fileID: 224000012052763054, guid: e11590cb9e1772545a46c7ff80034496,
        type: 2}
      propertyPath: m_LocalPosition.y
      value: 0
      objectReference: {fileID: 0}
    - target: {fileID: 224000012052763054, guid: e11590cb9e1772545a46c7ff80034496,
        type: 2}
      propertyPath: m_LocalPosition.z
      value: 0
      objectReference: {fileID: 0}
    - target: {fileID: 224000012052763054, guid: e11590cb9e1772545a46c7ff80034496,
        type: 2}
      propertyPath: m_LocalRotation.x
      value: 0
      objectReference: {fileID: 0}
    - target: {fileID: 224000012052763054, guid: e11590cb9e1772545a46c7ff80034496,
        type: 2}
      propertyPath: m_LocalRotation.y
      value: 0
      objectReference: {fileID: 0}
    - target: {fileID: 224000012052763054, guid: e11590cb9e1772545a46c7ff80034496,
        type: 2}
      propertyPath: m_LocalRotation.z
      value: 0
      objectReference: {fileID: 0}
    - target: {fileID: 224000012052763054, guid: e11590cb9e1772545a46c7ff80034496,
        type: 2}
      propertyPath: m_LocalRotation.w
      value: 1
      objectReference: {fileID: 0}
    - target: {fileID: 224000012052763054, guid: e11590cb9e1772545a46c7ff80034496,
        type: 2}
      propertyPath: m_RootOrder
      value: 4
      objectReference: {fileID: 0}
    - target: {fileID: 224000012052763054, guid: e11590cb9e1772545a46c7ff80034496,
        type: 2}
      propertyPath: m_AnchoredPosition.x
      value: 0
      objectReference: {fileID: 0}
    - target: {fileID: 224000012052763054, guid: e11590cb9e1772545a46c7ff80034496,
        type: 2}
      propertyPath: m_AnchoredPosition.y
      value: 0
      objectReference: {fileID: 0}
    - target: {fileID: 224000012052763054, guid: e11590cb9e1772545a46c7ff80034496,
        type: 2}
      propertyPath: m_SizeDelta.x
      value: 100
      objectReference: {fileID: 0}
    - target: {fileID: 224000012052763054, guid: e11590cb9e1772545a46c7ff80034496,
        type: 2}
      propertyPath: m_SizeDelta.y
      value: 100
      objectReference: {fileID: 0}
    - target: {fileID: 224000012052763054, guid: e11590cb9e1772545a46c7ff80034496,
        type: 2}
      propertyPath: m_AnchorMin.x
      value: 0.5
      objectReference: {fileID: 0}
    - target: {fileID: 224000012052763054, guid: e11590cb9e1772545a46c7ff80034496,
        type: 2}
      propertyPath: m_AnchorMin.y
      value: 0.5
      objectReference: {fileID: 0}
    - target: {fileID: 224000012052763054, guid: e11590cb9e1772545a46c7ff80034496,
        type: 2}
      propertyPath: m_AnchorMax.x
      value: 0.5
      objectReference: {fileID: 0}
    - target: {fileID: 224000012052763054, guid: e11590cb9e1772545a46c7ff80034496,
        type: 2}
      propertyPath: m_AnchorMax.y
      value: 0.5
      objectReference: {fileID: 0}
    - target: {fileID: 224000012052763054, guid: e11590cb9e1772545a46c7ff80034496,
        type: 2}
      propertyPath: m_Pivot.x
      value: 0.5
      objectReference: {fileID: 0}
    - target: {fileID: 224000012052763054, guid: e11590cb9e1772545a46c7ff80034496,
        type: 2}
      propertyPath: m_Pivot.y
      value: 0.5
      objectReference: {fileID: 0}
    - target: {fileID: 114000012668518914, guid: e11590cb9e1772545a46c7ff80034496,
        type: 2}
      propertyPath: m_OnClick.m_PersistentCalls.m_Calls.Array.data[0].m_Target
      value: 
      objectReference: {fileID: 1731926223}
    - target: {fileID: 114000011036953986, guid: e11590cb9e1772545a46c7ff80034496,
        type: 2}
      propertyPath: m_OnClick.m_PersistentCalls.m_Calls.Array.data[0].m_Target
      value: 
      objectReference: {fileID: 1731926223}
    - target: {fileID: 114000011269805972, guid: e11590cb9e1772545a46c7ff80034496,
        type: 2}
      propertyPath: m_OnClick.m_PersistentCalls.m_Calls.Array.data[0].m_Target
      value: 
      objectReference: {fileID: 1731926223}
    m_RemovedComponents: []
  m_ParentPrefab: {fileID: 100100000, guid: e11590cb9e1772545a46c7ff80034496, type: 2}
  m_IsPrefabParent: 0
--- !u!1 &893338245 stripped
GameObject:
  m_PrefabParentObject: {fileID: 1000012946322832, guid: e11590cb9e1772545a46c7ff80034496,
    type: 2}
  m_PrefabInternal: {fileID: 893338244}
--- !u!1001 &925019044
Prefab:
  m_ObjectHideFlags: 0
  serializedVersion: 2
  m_Modification:
    m_TransformParent: {fileID: 1424052445}
    m_Modifications:
    - target: {fileID: 4000013346128670, guid: 3e10075285465c84084725636af47eef, type: 2}
      propertyPath: m_LocalPosition.x
      value: 0
      objectReference: {fileID: 0}
    - target: {fileID: 4000013346128670, guid: 3e10075285465c84084725636af47eef, type: 2}
      propertyPath: m_LocalPosition.y
      value: 0
      objectReference: {fileID: 0}
    - target: {fileID: 4000013346128670, guid: 3e10075285465c84084725636af47eef, type: 2}
      propertyPath: m_LocalPosition.z
      value: 0
      objectReference: {fileID: 0}
    - target: {fileID: 4000013346128670, guid: 3e10075285465c84084725636af47eef, type: 2}
      propertyPath: m_LocalRotation.x
      value: 0
      objectReference: {fileID: 0}
    - target: {fileID: 4000013346128670, guid: 3e10075285465c84084725636af47eef, type: 2}
      propertyPath: m_LocalRotation.y
      value: 0
      objectReference: {fileID: 0}
    - target: {fileID: 4000013346128670, guid: 3e10075285465c84084725636af47eef, type: 2}
      propertyPath: m_LocalRotation.z
      value: 0
      objectReference: {fileID: 0}
    - target: {fileID: 4000013346128670, guid: 3e10075285465c84084725636af47eef, type: 2}
      propertyPath: m_LocalRotation.w
      value: 1
      objectReference: {fileID: 0}
    - target: {fileID: 4000013346128670, guid: 3e10075285465c84084725636af47eef, type: 2}
      propertyPath: m_RootOrder
      value: 5
      objectReference: {fileID: 0}
    - target: {fileID: 114000011911616484, guid: 3e10075285465c84084725636af47eef,
        type: 2}
      propertyPath: trashcan
      value: 
      objectReference: {fileID: 1000106256}
    m_RemovedComponents: []
  m_ParentPrefab: {fileID: 100100000, guid: 3e10075285465c84084725636af47eef, type: 2}
  m_IsPrefabParent: 0
--- !u!4 &925019045 stripped
Transform:
  m_PrefabParentObject: {fileID: 4000013346128670, guid: 3e10075285465c84084725636af47eef,
    type: 2}
  m_PrefabInternal: {fileID: 925019044}
--- !u!1001 &1000106254
Prefab:
  m_ObjectHideFlags: 0
  serializedVersion: 2
  m_Modification:
    m_TransformParent: {fileID: 2021717009}
    m_Modifications:
    - target: {fileID: 4000014154982384, guid: 2c1733fe03a684c64bb007c3c81af2d6, type: 2}
      propertyPath: m_LocalPosition.x
      value: -0.06
      objectReference: {fileID: 0}
    - target: {fileID: 4000014154982384, guid: 2c1733fe03a684c64bb007c3c81af2d6, type: 2}
      propertyPath: m_LocalPosition.y
      value: -4.39
      objectReference: {fileID: 0}
    - target: {fileID: 4000014154982384, guid: 2c1733fe03a684c64bb007c3c81af2d6, type: 2}
      propertyPath: m_LocalPosition.z
      value: 0
      objectReference: {fileID: 0}
    - target: {fileID: 4000014154982384, guid: 2c1733fe03a684c64bb007c3c81af2d6, type: 2}
      propertyPath: m_LocalRotation.x
      value: -0
      objectReference: {fileID: 0}
    - target: {fileID: 4000014154982384, guid: 2c1733fe03a684c64bb007c3c81af2d6, type: 2}
      propertyPath: m_LocalRotation.y
      value: -0
      objectReference: {fileID: 0}
    - target: {fileID: 4000014154982384, guid: 2c1733fe03a684c64bb007c3c81af2d6, type: 2}
      propertyPath: m_LocalRotation.z
      value: -0
      objectReference: {fileID: 0}
    - target: {fileID: 4000014154982384, guid: 2c1733fe03a684c64bb007c3c81af2d6, type: 2}
      propertyPath: m_LocalRotation.w
      value: 1
      objectReference: {fileID: 0}
    - target: {fileID: 4000014154982384, guid: 2c1733fe03a684c64bb007c3c81af2d6, type: 2}
      propertyPath: m_RootOrder
      value: 4
      objectReference: {fileID: 0}
    m_RemovedComponents: []
  m_ParentPrefab: {fileID: 100100000, guid: 2c1733fe03a684c64bb007c3c81af2d6, type: 2}
  m_IsPrefabParent: 0
--- !u!4 &1000106255 stripped
Transform:
  m_PrefabParentObject: {fileID: 4000014154982384, guid: 2c1733fe03a684c64bb007c3c81af2d6,
    type: 2}
  m_PrefabInternal: {fileID: 1000106254}
--- !u!1 &1000106256 stripped
GameObject:
  m_PrefabParentObject: {fileID: 1000010243214592, guid: 2c1733fe03a684c64bb007c3c81af2d6,
    type: 2}
  m_PrefabInternal: {fileID: 1000106254}
--- !u!1 &1064448883
GameObject:
  m_ObjectHideFlags: 0
  m_PrefabParentObject: {fileID: 0}
  m_PrefabInternal: {fileID: 0}
  serializedVersion: 4
  m_Component:
  - 4: {fileID: 1064448884}
  - 114: {fileID: 1064448885}
  m_Layer: 0
  m_Name: model
  m_TagString: Untagged
  m_Icon: {fileID: 0}
  m_NavMeshLayer: 0
  m_StaticEditorFlags: 0
  m_IsActive: 1
--- !u!4 &1064448884
Transform:
  m_ObjectHideFlags: 0
  m_PrefabParentObject: {fileID: 0}
  m_PrefabInternal: {fileID: 0}
  m_GameObject: {fileID: 1064448883}
  m_LocalRotation: {x: 0, y: 0, z: 0, w: 1}
  m_LocalPosition: {x: 0, y: 0, z: 0}
  m_LocalScale: {x: 1, y: 1, z: 1}
  m_LocalEulerAnglesHint: {x: 0, y: 0, z: 0}
  m_Children: []
  m_Father: {fileID: 1668350244}
  m_RootOrder: 0
--- !u!114 &1064448885
MonoBehaviour:
  m_ObjectHideFlags: 0
  m_PrefabParentObject: {fileID: 0}
  m_PrefabInternal: {fileID: 0}
  m_GameObject: {fileID: 1064448883}
  m_Enabled: 1
  m_EditorHideFlags: 0
  m_Script: {fileID: 11500000, guid: 63b0bff87e6bec64fa67ba4d5f9a8140, type: 3}
  m_Name: 
  m_EditorClassIdentifier: 
--- !u!1001 &1173487693
Prefab:
  m_ObjectHideFlags: 0
  serializedVersion: 2
  m_Modification:
    m_TransformParent: {fileID: 1904860225}
    m_Modifications:
    - target: {fileID: 224000012238374630, guid: 093f8a984898eea498caf2b84142a6d5,
        type: 2}
      propertyPath: m_LocalPosition.x
      value: 0
      objectReference: {fileID: 0}
    - target: {fileID: 224000012238374630, guid: 093f8a984898eea498caf2b84142a6d5,
        type: 2}
      propertyPath: m_LocalPosition.y
      value: 0
      objectReference: {fileID: 0}
    - target: {fileID: 224000012238374630, guid: 093f8a984898eea498caf2b84142a6d5,
        type: 2}
      propertyPath: m_LocalPosition.z
      value: 0
      objectReference: {fileID: 0}
    - target: {fileID: 224000012238374630, guid: 093f8a984898eea498caf2b84142a6d5,
        type: 2}
      propertyPath: m_LocalRotation.x
      value: 0
      objectReference: {fileID: 0}
    - target: {fileID: 224000012238374630, guid: 093f8a984898eea498caf2b84142a6d5,
        type: 2}
      propertyPath: m_LocalRotation.y
      value: 0
      objectReference: {fileID: 0}
    - target: {fileID: 224000012238374630, guid: 093f8a984898eea498caf2b84142a6d5,
        type: 2}
      propertyPath: m_LocalRotation.z
      value: 0
      objectReference: {fileID: 0}
    - target: {fileID: 224000012238374630, guid: 093f8a984898eea498caf2b84142a6d5,
        type: 2}
      propertyPath: m_LocalRotation.w
      value: 1
      objectReference: {fileID: 0}
    - target: {fileID: 224000012238374630, guid: 093f8a984898eea498caf2b84142a6d5,
        type: 2}
      propertyPath: m_RootOrder
      value: 7
      objectReference: {fileID: 0}
    - target: {fileID: 224000012238374630, guid: 093f8a984898eea498caf2b84142a6d5,
        type: 2}
      propertyPath: m_AnchoredPosition.x
      value: 0
      objectReference: {fileID: 0}
    - target: {fileID: 224000012238374630, guid: 093f8a984898eea498caf2b84142a6d5,
        type: 2}
      propertyPath: m_AnchoredPosition.y
      value: 0
      objectReference: {fileID: 0}
    - target: {fileID: 224000012238374630, guid: 093f8a984898eea498caf2b84142a6d5,
        type: 2}
      propertyPath: m_SizeDelta.x
      value: 720
      objectReference: {fileID: 0}
    - target: {fileID: 224000012238374630, guid: 093f8a984898eea498caf2b84142a6d5,
        type: 2}
      propertyPath: m_SizeDelta.y
      value: 1280
      objectReference: {fileID: 0}
    - target: {fileID: 224000012238374630, guid: 093f8a984898eea498caf2b84142a6d5,
        type: 2}
      propertyPath: m_AnchorMin.x
      value: 0.5
      objectReference: {fileID: 0}
    - target: {fileID: 224000012238374630, guid: 093f8a984898eea498caf2b84142a6d5,
        type: 2}
      propertyPath: m_AnchorMin.y
      value: 0.5
      objectReference: {fileID: 0}
    - target: {fileID: 224000012238374630, guid: 093f8a984898eea498caf2b84142a6d5,
        type: 2}
      propertyPath: m_AnchorMax.x
      value: 0.5
      objectReference: {fileID: 0}
    - target: {fileID: 224000012238374630, guid: 093f8a984898eea498caf2b84142a6d5,
        type: 2}
      propertyPath: m_AnchorMax.y
      value: 0.5
      objectReference: {fileID: 0}
    - target: {fileID: 224000012238374630, guid: 093f8a984898eea498caf2b84142a6d5,
        type: 2}
      propertyPath: m_Pivot.x
      value: 0.5
      objectReference: {fileID: 0}
    - target: {fileID: 224000012238374630, guid: 093f8a984898eea498caf2b84142a6d5,
        type: 2}
      propertyPath: m_Pivot.y
      value: 0.5
      objectReference: {fileID: 0}
    - target: {fileID: 114000011711258098, guid: 093f8a984898eea498caf2b84142a6d5,
        type: 2}
      propertyPath: m_OnClick.m_PersistentCalls.m_Calls.Array.data[0].m_Target
      value: 
      objectReference: {fileID: 1731926223}
    - target: {fileID: 114000011711258098, guid: 093f8a984898eea498caf2b84142a6d5,
        type: 2}
      propertyPath: m_OnClick.m_PersistentCalls.m_Calls.Array.data[0].m_MethodName
      value: ResumedGame
      objectReference: {fileID: 0}
    - target: {fileID: 114000012893751256, guid: 093f8a984898eea498caf2b84142a6d5,
        type: 2}
      propertyPath: m_OnClick.m_PersistentCalls.m_Calls.Array.data[0].m_Target
      value: 
      objectReference: {fileID: 1731926223}
    - target: {fileID: 114000012893751256, guid: 093f8a984898eea498caf2b84142a6d5,
        type: 2}
      propertyPath: m_OnClick.m_PersistentCalls.m_Calls.Array.data[0].m_MethodName
      value: RestartGame
      objectReference: {fileID: 0}
    - target: {fileID: 114000010657607398, guid: 093f8a984898eea498caf2b84142a6d5,
        type: 2}
      propertyPath: m_OnClick.m_PersistentCalls.m_Calls.Array.data[0].m_Target
      value: 
      objectReference: {fileID: 1731926223}
    - target: {fileID: 114000010657607398, guid: 093f8a984898eea498caf2b84142a6d5,
        type: 2}
      propertyPath: m_OnClick.m_PersistentCalls.m_Calls.Array.data[0].m_MethodName
      value: BackToMainMenu
      objectReference: {fileID: 0}
    - target: {fileID: 1000010102034752, guid: 093f8a984898eea498caf2b84142a6d5, type: 2}
      propertyPath: m_IsActive
      value: 1
      objectReference: {fileID: 0}
    m_RemovedComponents: []
  m_ParentPrefab: {fileID: 100100000, guid: 093f8a984898eea498caf2b84142a6d5, type: 2}
  m_IsPrefabParent: 0
--- !u!1001 &1308374586
Prefab:
  m_ObjectHideFlags: 0
  serializedVersion: 2
  m_Modification:
    m_TransformParent: {fileID: 1424052445}
    m_Modifications:
    - target: {fileID: 464164, guid: 958b5cf4045bea64e8e7e0e09f3db20a, type: 2}
      propertyPath: m_LocalPosition.x
      value: 0
      objectReference: {fileID: 0}
    - target: {fileID: 464164, guid: 958b5cf4045bea64e8e7e0e09f3db20a, type: 2}
      propertyPath: m_LocalPosition.y
      value: 0
      objectReference: {fileID: 0}
    - target: {fileID: 464164, guid: 958b5cf4045bea64e8e7e0e09f3db20a, type: 2}
      propertyPath: m_LocalPosition.z
      value: 0
      objectReference: {fileID: 0}
    - target: {fileID: 464164, guid: 958b5cf4045bea64e8e7e0e09f3db20a, type: 2}
      propertyPath: m_LocalRotation.x
      value: 0
      objectReference: {fileID: 0}
    - target: {fileID: 464164, guid: 958b5cf4045bea64e8e7e0e09f3db20a, type: 2}
      propertyPath: m_LocalRotation.y
      value: 0
      objectReference: {fileID: 0}
    - target: {fileID: 464164, guid: 958b5cf4045bea64e8e7e0e09f3db20a, type: 2}
      propertyPath: m_LocalRotation.z
      value: 0
      objectReference: {fileID: 0}
    - target: {fileID: 464164, guid: 958b5cf4045bea64e8e7e0e09f3db20a, type: 2}
      propertyPath: m_LocalRotation.w
      value: 1
      objectReference: {fileID: 0}
    - target: {fileID: 464164, guid: 958b5cf4045bea64e8e7e0e09f3db20a, type: 2}
      propertyPath: m_RootOrder
      value: 0
      objectReference: {fileID: 0}
    m_RemovedComponents: []
  m_ParentPrefab: {fileID: 100100000, guid: 958b5cf4045bea64e8e7e0e09f3db20a, type: 2}
  m_IsPrefabParent: 0
--- !u!4 &1308374587 stripped
Transform:
  m_PrefabParentObject: {fileID: 464164, guid: 958b5cf4045bea64e8e7e0e09f3db20a, type: 2}
  m_PrefabInternal: {fileID: 1308374586}
--- !u!1001 &1369563112
Prefab:
  m_ObjectHideFlags: 0
  serializedVersion: 2
  m_Modification:
    m_TransformParent: {fileID: 2021717009}
    m_Modifications:
    - target: {fileID: 4000011662029284, guid: 30f3931f52a861343b9b39c231a7cd36, type: 2}
      propertyPath: m_LocalPosition.x
      value: 0
      objectReference: {fileID: 0}
    - target: {fileID: 4000011662029284, guid: 30f3931f52a861343b9b39c231a7cd36, type: 2}
      propertyPath: m_LocalPosition.y
      value: 0
      objectReference: {fileID: 0}
    - target: {fileID: 4000011662029284, guid: 30f3931f52a861343b9b39c231a7cd36, type: 2}
      propertyPath: m_LocalPosition.z
      value: -10
      objectReference: {fileID: 0}
    - target: {fileID: 4000011662029284, guid: 30f3931f52a861343b9b39c231a7cd36, type: 2}
      propertyPath: m_LocalRotation.x
      value: 0
      objectReference: {fileID: 0}
    - target: {fileID: 4000011662029284, guid: 30f3931f52a861343b9b39c231a7cd36, type: 2}
      propertyPath: m_LocalRotation.y
      value: 0
      objectReference: {fileID: 0}
    - target: {fileID: 4000011662029284, guid: 30f3931f52a861343b9b39c231a7cd36, type: 2}
      propertyPath: m_LocalRotation.z
      value: 0
      objectReference: {fileID: 0}
    - target: {fileID: 4000011662029284, guid: 30f3931f52a861343b9b39c231a7cd36, type: 2}
      propertyPath: m_LocalRotation.w
      value: 1
      objectReference: {fileID: 0}
    - target: {fileID: 4000011662029284, guid: 30f3931f52a861343b9b39c231a7cd36, type: 2}
      propertyPath: m_RootOrder
      value: 0
      objectReference: {fileID: 0}
    m_RemovedComponents: []
  m_ParentPrefab: {fileID: 100100000, guid: 30f3931f52a861343b9b39c231a7cd36, type: 2}
  m_IsPrefabParent: 0
--- !u!4 &1369563113 stripped
Transform:
  m_PrefabParentObject: {fileID: 4000011662029284, guid: 30f3931f52a861343b9b39c231a7cd36,
    type: 2}
  m_PrefabInternal: {fileID: 1369563112}
--- !u!20 &1369563114 stripped
Camera:
  m_PrefabParentObject: {fileID: 20000010848897228, guid: 30f3931f52a861343b9b39c231a7cd36,
    type: 2}
  m_PrefabInternal: {fileID: 1369563112}
--- !u!1 &1424052444
GameObject:
  m_ObjectHideFlags: 0
  m_PrefabParentObject: {fileID: 0}
  m_PrefabInternal: {fileID: 0}
  serializedVersion: 4
  m_Component:
  - 4: {fileID: 1424052445}
  - 114: {fileID: 1424052446}
  m_Layer: 0
  m_Name: controller
  m_TagString: Untagged
  m_Icon: {fileID: 0}
  m_NavMeshLayer: 0
  m_StaticEditorFlags: 0
  m_IsActive: 1
--- !u!4 &1424052445
Transform:
  m_ObjectHideFlags: 0
  m_PrefabParentObject: {fileID: 0}
  m_PrefabInternal: {fileID: 0}
  m_GameObject: {fileID: 1424052444}
  m_LocalRotation: {x: 0, y: 0, z: 0, w: 1}
  m_LocalPosition: {x: 0, y: 0, z: 0}
  m_LocalScale: {x: 1, y: 1, z: 1}
  m_LocalEulerAnglesHint: {x: 0, y: 0, z: 0}
  m_Children:
  - {fileID: 1308374587}
  - {fileID: 1654872386}
  - {fileID: 1557028267}
  - {fileID: 1684628269}
  - {fileID: 1873703000}
  - {fileID: 925019045}
  m_Father: {fileID: 1668350244}
  m_RootOrder: 1
--- !u!114 &1424052446
MonoBehaviour:
  m_ObjectHideFlags: 0
  m_PrefabParentObject: {fileID: 0}
  m_PrefabInternal: {fileID: 0}
  m_GameObject: {fileID: 1424052444}
  m_Enabled: 1
  m_EditorHideFlags: 0
  m_Script: {fileID: 11500000, guid: 343eafd3acb183d4387ee5bf7e15317d, type: 3}
  m_Name: 
  m_EditorClassIdentifier: 
--- !u!1001 &1515808058
Prefab:
  m_ObjectHideFlags: 0
  serializedVersion: 2
  m_Modification:
    m_TransformParent: {fileID: 1904860225}
    m_Modifications:
    - target: {fileID: 224000014107625690, guid: af5dce77537b17e479cb4ac58d3c300d,
        type: 2}
      propertyPath: m_LocalPosition.x
      value: 0
      objectReference: {fileID: 0}
    - target: {fileID: 224000014107625690, guid: af5dce77537b17e479cb4ac58d3c300d,
        type: 2}
      propertyPath: m_LocalPosition.y
      value: 0
      objectReference: {fileID: 0}
    - target: {fileID: 224000014107625690, guid: af5dce77537b17e479cb4ac58d3c300d,
        type: 2}
      propertyPath: m_LocalPosition.z
      value: -11520
      objectReference: {fileID: 0}
    - target: {fileID: 224000014107625690, guid: af5dce77537b17e479cb4ac58d3c300d,
        type: 2}
      propertyPath: m_LocalRotation.x
      value: -0
      objectReference: {fileID: 0}
    - target: {fileID: 224000014107625690, guid: af5dce77537b17e479cb4ac58d3c300d,
        type: 2}
      propertyPath: m_LocalRotation.y
      value: -0
      objectReference: {fileID: 0}
    - target: {fileID: 224000014107625690, guid: af5dce77537b17e479cb4ac58d3c300d,
        type: 2}
      propertyPath: m_LocalRotation.z
      value: -0
      objectReference: {fileID: 0}
    - target: {fileID: 224000014107625690, guid: af5dce77537b17e479cb4ac58d3c300d,
        type: 2}
      propertyPath: m_LocalRotation.w
      value: 1
      objectReference: {fileID: 0}
    - target: {fileID: 224000014107625690, guid: af5dce77537b17e479cb4ac58d3c300d,
        type: 2}
      propertyPath: m_RootOrder
      value: 2
      objectReference: {fileID: 0}
    - target: {fileID: 224000014107625690, guid: af5dce77537b17e479cb4ac58d3c300d,
        type: 2}
      propertyPath: m_AnchoredPosition.x
      value: 0
      objectReference: {fileID: 0}
    - target: {fileID: 224000014107625690, guid: af5dce77537b17e479cb4ac58d3c300d,
        type: 2}
      propertyPath: m_AnchoredPosition.y
      value: 520
      objectReference: {fileID: 0}
    - target: {fileID: 224000014107625690, guid: af5dce77537b17e479cb4ac58d3c300d,
        type: 2}
      propertyPath: m_SizeDelta.x
      value: 250
      objectReference: {fileID: 0}
    - target: {fileID: 224000014107625690, guid: af5dce77537b17e479cb4ac58d3c300d,
        type: 2}
      propertyPath: m_SizeDelta.y
      value: 20
      objectReference: {fileID: 0}
    - target: {fileID: 224000014107625690, guid: af5dce77537b17e479cb4ac58d3c300d,
        type: 2}
      propertyPath: m_AnchorMin.x
      value: 0.5
      objectReference: {fileID: 0}
    - target: {fileID: 224000014107625690, guid: af5dce77537b17e479cb4ac58d3c300d,
        type: 2}
      propertyPath: m_AnchorMin.y
      value: 0.5
      objectReference: {fileID: 0}
    - target: {fileID: 224000014107625690, guid: af5dce77537b17e479cb4ac58d3c300d,
        type: 2}
      propertyPath: m_AnchorMax.x
      value: 0.5
      objectReference: {fileID: 0}
    - target: {fileID: 224000014107625690, guid: af5dce77537b17e479cb4ac58d3c300d,
        type: 2}
      propertyPath: m_AnchorMax.y
      value: 0.5
      objectReference: {fileID: 0}
    - target: {fileID: 224000014107625690, guid: af5dce77537b17e479cb4ac58d3c300d,
        type: 2}
      propertyPath: m_Pivot.x
      value: 0.5
      objectReference: {fileID: 0}
    - target: {fileID: 224000014107625690, guid: af5dce77537b17e479cb4ac58d3c300d,
        type: 2}
      propertyPath: m_Pivot.y
      value: 0.5
      objectReference: {fileID: 0}
    m_RemovedComponents: []
  m_ParentPrefab: {fileID: 100100000, guid: af5dce77537b17e479cb4ac58d3c300d, type: 2}
  m_IsPrefabParent: 0
--- !u!1001 &1515856588
Prefab:
  m_ObjectHideFlags: 0
  serializedVersion: 2
  m_Modification:
    m_TransformParent: {fileID: 2021717009}
    m_Modifications:
    - target: {fileID: 429096, guid: a24047aa89b440d48927dc8eadf85b09, type: 2}
      propertyPath: m_LocalPosition.x
      value: 0
      objectReference: {fileID: 0}
    - target: {fileID: 429096, guid: a24047aa89b440d48927dc8eadf85b09, type: 2}
      propertyPath: m_LocalPosition.y
      value: 0
      objectReference: {fileID: 0}
    - target: {fileID: 429096, guid: a24047aa89b440d48927dc8eadf85b09, type: 2}
      propertyPath: m_LocalPosition.z
      value: 0
      objectReference: {fileID: 0}
    - target: {fileID: 429096, guid: a24047aa89b440d48927dc8eadf85b09, type: 2}
      propertyPath: m_LocalRotation.x
      value: 0
      objectReference: {fileID: 0}
    - target: {fileID: 429096, guid: a24047aa89b440d48927dc8eadf85b09, type: 2}
      propertyPath: m_LocalRotation.y
      value: 0
      objectReference: {fileID: 0}
    - target: {fileID: 429096, guid: a24047aa89b440d48927dc8eadf85b09, type: 2}
      propertyPath: m_LocalRotation.z
      value: 0
      objectReference: {fileID: 0}
    - target: {fileID: 429096, guid: a24047aa89b440d48927dc8eadf85b09, type: 2}
      propertyPath: m_LocalRotation.w
      value: 1
      objectReference: {fileID: 0}
    - target: {fileID: 429096, guid: a24047aa89b440d48927dc8eadf85b09, type: 2}
      propertyPath: m_RootOrder
      value: 3
      objectReference: {fileID: 0}
    m_RemovedComponents: []
  m_ParentPrefab: {fileID: 100100000, guid: a24047aa89b440d48927dc8eadf85b09, type: 2}
  m_IsPrefabParent: 0
--- !u!4 &1515856589 stripped
Transform:
  m_PrefabParentObject: {fileID: 429096, guid: a24047aa89b440d48927dc8eadf85b09, type: 2}
  m_PrefabInternal: {fileID: 1515856588}
--- !u!1001 &1557028266
Prefab:
  m_ObjectHideFlags: 0
  serializedVersion: 2
  m_Modification:
    m_TransformParent: {fileID: 1424052445}
    m_Modifications:
    - target: {fileID: 448368, guid: bb366ebe8add4c94da5d64b4f352c212, type: 2}
      propertyPath: m_LocalPosition.x
      value: 0
      objectReference: {fileID: 0}
    - target: {fileID: 448368, guid: bb366ebe8add4c94da5d64b4f352c212, type: 2}
      propertyPath: m_LocalPosition.y
      value: 0
      objectReference: {fileID: 0}
    - target: {fileID: 448368, guid: bb366ebe8add4c94da5d64b4f352c212, type: 2}
      propertyPath: m_LocalPosition.z
      value: 0
      objectReference: {fileID: 0}
    - target: {fileID: 448368, guid: bb366ebe8add4c94da5d64b4f352c212, type: 2}
      propertyPath: m_LocalRotation.x
      value: 0
      objectReference: {fileID: 0}
    - target: {fileID: 448368, guid: bb366ebe8add4c94da5d64b4f352c212, type: 2}
      propertyPath: m_LocalRotation.y
      value: 0
      objectReference: {fileID: 0}
    - target: {fileID: 448368, guid: bb366ebe8add4c94da5d64b4f352c212, type: 2}
      propertyPath: m_LocalRotation.z
      value: 0
      objectReference: {fileID: 0}
    - target: {fileID: 448368, guid: bb366ebe8add4c94da5d64b4f352c212, type: 2}
      propertyPath: m_LocalRotation.w
      value: 1
      objectReference: {fileID: 0}
    - target: {fileID: 448368, guid: bb366ebe8add4c94da5d64b4f352c212, type: 2}
      propertyPath: m_RootOrder
      value: 2
      objectReference: {fileID: 0}
    - target: {fileID: 11442312, guid: bb366ebe8add4c94da5d64b4f352c212, type: 2}
      propertyPath: scoreView
      value: 
      objectReference: {fileID: 389786764}
    - target: {fileID: 11442312, guid: bb366ebe8add4c94da5d64b4f352c212, type: 2}
      propertyPath: timeView
      value: 
      objectReference: {fileID: 679029707}
    - target: {fileID: 11442312, guid: bb366ebe8add4c94da5d64b4f352c212, type: 2}
      propertyPath: loseModal
      value: 
      objectReference: {fileID: 893338245}
    - target: {fileID: 11442312, guid: bb366ebe8add4c94da5d64b4f352c212, type: 2}
      propertyPath: winModal
      value: 
      objectReference: {fileID: 133316113}
    - target: {fileID: 11442312, guid: bb366ebe8add4c94da5d64b4f352c212, type: 2}
      propertyPath: numberOfItems
      value: 17
      objectReference: {fileID: 0}
    - target: {fileID: 11442312, guid: bb366ebe8add4c94da5d64b4f352c212, type: 2}
      propertyPath: containerBarView
      value: 
      objectReference: {fileID: 652982249}
    m_RemovedComponents: []
  m_ParentPrefab: {fileID: 100100000, guid: bb366ebe8add4c94da5d64b4f352c212, type: 2}
  m_IsPrefabParent: 0
--- !u!4 &1557028267 stripped
Transform:
  m_PrefabParentObject: {fileID: 448368, guid: bb366ebe8add4c94da5d64b4f352c212, type: 2}
  m_PrefabInternal: {fileID: 1557028266}
--- !u!1001 &1654872385
Prefab:
  m_ObjectHideFlags: 0
  serializedVersion: 2
  m_Modification:
    m_TransformParent: {fileID: 1424052445}
    m_Modifications:
    - target: {fileID: 474392, guid: 2f6eb84baf4b5564abfedf9568333dbe, type: 2}
      propertyPath: m_LocalPosition.x
      value: 0
      objectReference: {fileID: 0}
    - target: {fileID: 474392, guid: 2f6eb84baf4b5564abfedf9568333dbe, type: 2}
      propertyPath: m_LocalPosition.y
      value: 0
      objectReference: {fileID: 0}
    - target: {fileID: 474392, guid: 2f6eb84baf4b5564abfedf9568333dbe, type: 2}
      propertyPath: m_LocalPosition.z
      value: 0
      objectReference: {fileID: 0}
    - target: {fileID: 474392, guid: 2f6eb84baf4b5564abfedf9568333dbe, type: 2}
      propertyPath: m_LocalRotation.x
      value: 0
      objectReference: {fileID: 0}
    - target: {fileID: 474392, guid: 2f6eb84baf4b5564abfedf9568333dbe, type: 2}
      propertyPath: m_LocalRotation.y
      value: 0
      objectReference: {fileID: 0}
    - target: {fileID: 474392, guid: 2f6eb84baf4b5564abfedf9568333dbe, type: 2}
      propertyPath: m_LocalRotation.z
      value: 0
      objectReference: {fileID: 0}
    - target: {fileID: 474392, guid: 2f6eb84baf4b5564abfedf9568333dbe, type: 2}
      propertyPath: m_LocalRotation.w
      value: 1
      objectReference: {fileID: 0}
    - target: {fileID: 474392, guid: 2f6eb84baf4b5564abfedf9568333dbe, type: 2}
      propertyPath: m_RootOrder
      value: 1
      objectReference: {fileID: 0}
    - target: {fileID: 11484246, guid: 2f6eb84baf4b5564abfedf9568333dbe, type: 2}
      propertyPath: sfxClick
      value: 
      objectReference: {fileID: 2115219997}
    m_RemovedComponents: []
  m_ParentPrefab: {fileID: 100100000, guid: 2f6eb84baf4b5564abfedf9568333dbe, type: 2}
  m_IsPrefabParent: 0
--- !u!4 &1654872386 stripped
Transform:
  m_PrefabParentObject: {fileID: 474392, guid: 2f6eb84baf4b5564abfedf9568333dbe, type: 2}
  m_PrefabInternal: {fileID: 1654872385}
--- !u!1 &1668350242
GameObject:
  m_ObjectHideFlags: 0
  m_PrefabParentObject: {fileID: 0}
  m_PrefabInternal: {fileID: 0}
  serializedVersion: 4
  m_Component:
  - 4: {fileID: 1668350244}
  - 114: {fileID: 1668350243}
  m_Layer: 0
  m_Name: app
  m_TagString: Untagged
  m_Icon: {fileID: 0}
  m_NavMeshLayer: 0
  m_StaticEditorFlags: 0
  m_IsActive: 1
--- !u!114 &1668350243
MonoBehaviour:
  m_ObjectHideFlags: 0
  m_PrefabParentObject: {fileID: 0}
  m_PrefabInternal: {fileID: 0}
  m_GameObject: {fileID: 1668350242}
  m_Enabled: 1
  m_EditorHideFlags: 0
  m_Script: {fileID: 11500000, guid: cd64467e7f92fbe40aa39e6d11057947, type: 3}
  m_Name: 
  m_EditorClassIdentifier: 
  debugOnScreen: 0
  verbose: 0
--- !u!4 &1668350244
Transform:
  m_ObjectHideFlags: 0
  m_PrefabParentObject: {fileID: 0}
  m_PrefabInternal: {fileID: 0}
  m_GameObject: {fileID: 1668350242}
  m_LocalRotation: {x: 0, y: 0, z: 0, w: 1}
  m_LocalPosition: {x: 0, y: 0, z: 0}
  m_LocalScale: {x: 1, y: 1, z: 1}
  m_LocalEulerAnglesHint: {x: 0, y: 0, z: 0}
  m_Children:
  - {fileID: 1064448884}
  - {fileID: 1424052445}
  - {fileID: 2021717009}
  - {fileID: 693206759}
  - {fileID: 346348410}
  - {fileID: 1170435}
  m_Father: {fileID: 0}
  m_RootOrder: 0
--- !u!1001 &1684628268
Prefab:
  m_ObjectHideFlags: 0
  serializedVersion: 2
  m_Modification:
    m_TransformParent: {fileID: 1424052445}
    m_Modifications:
    - target: {fileID: 435318, guid: 21c5907023655d54b91e3a8361ebae01, type: 2}
      propertyPath: m_LocalPosition.x
      value: 0
      objectReference: {fileID: 0}
    - target: {fileID: 435318, guid: 21c5907023655d54b91e3a8361ebae01, type: 2}
      propertyPath: m_LocalPosition.y
      value: 0
      objectReference: {fileID: 0}
    - target: {fileID: 435318, guid: 21c5907023655d54b91e3a8361ebae01, type: 2}
      propertyPath: m_LocalPosition.z
      value: 0
      objectReference: {fileID: 0}
    - target: {fileID: 435318, guid: 21c5907023655d54b91e3a8361ebae01, type: 2}
      propertyPath: m_LocalRotation.x
      value: 0
      objectReference: {fileID: 0}
    - target: {fileID: 435318, guid: 21c5907023655d54b91e3a8361ebae01, type: 2}
      propertyPath: m_LocalRotation.y
      value: 0
      objectReference: {fileID: 0}
    - target: {fileID: 435318, guid: 21c5907023655d54b91e3a8361ebae01, type: 2}
      propertyPath: m_LocalRotation.z
      value: 0
      objectReference: {fileID: 0}
    - target: {fileID: 435318, guid: 21c5907023655d54b91e3a8361ebae01, type: 2}
      propertyPath: m_LocalRotation.w
      value: 1
      objectReference: {fileID: 0}
    - target: {fileID: 435318, guid: 21c5907023655d54b91e3a8361ebae01, type: 2}
      propertyPath: m_RootOrder
      value: 3
      objectReference: {fileID: 0}
    m_RemovedComponents: []
  m_ParentPrefab: {fileID: 100100000, guid: 21c5907023655d54b91e3a8361ebae01, type: 2}
  m_IsPrefabParent: 0
--- !u!4 &1684628269 stripped
Transform:
  m_PrefabParentObject: {fileID: 435318, guid: 21c5907023655d54b91e3a8361ebae01, type: 2}
  m_PrefabInternal: {fileID: 1684628268}
--- !u!1001 &1731926222
Prefab:
  m_ObjectHideFlags: 0
  serializedVersion: 2
  m_Modification:
    m_TransformParent: {fileID: 2021717009}
    m_Modifications:
    - target: {fileID: 408978, guid: 9ca12ee42ed34184f9d16b3b7542d26f, type: 2}
      propertyPath: m_LocalPosition.x
      value: 0
      objectReference: {fileID: 0}
    - target: {fileID: 408978, guid: 9ca12ee42ed34184f9d16b3b7542d26f, type: 2}
      propertyPath: m_LocalPosition.y
      value: 0
      objectReference: {fileID: 0}
    - target: {fileID: 408978, guid: 9ca12ee42ed34184f9d16b3b7542d26f, type: 2}
      propertyPath: m_LocalPosition.z
      value: 0
      objectReference: {fileID: 0}
    - target: {fileID: 408978, guid: 9ca12ee42ed34184f9d16b3b7542d26f, type: 2}
      propertyPath: m_LocalRotation.x
      value: 0
      objectReference: {fileID: 0}
    - target: {fileID: 408978, guid: 9ca12ee42ed34184f9d16b3b7542d26f, type: 2}
      propertyPath: m_LocalRotation.y
      value: 0
      objectReference: {fileID: 0}
    - target: {fileID: 408978, guid: 9ca12ee42ed34184f9d16b3b7542d26f, type: 2}
      propertyPath: m_LocalRotation.z
      value: 0
      objectReference: {fileID: 0}
    - target: {fileID: 408978, guid: 9ca12ee42ed34184f9d16b3b7542d26f, type: 2}
      propertyPath: m_LocalRotation.w
      value: 1
      objectReference: {fileID: 0}
    - target: {fileID: 408978, guid: 9ca12ee42ed34184f9d16b3b7542d26f, type: 2}
      propertyPath: m_RootOrder
      value: 2
      objectReference: {fileID: 0}
    m_RemovedComponents: []
  m_ParentPrefab: {fileID: 100100000, guid: 9ca12ee42ed34184f9d16b3b7542d26f, type: 2}
  m_IsPrefabParent: 0
--- !u!114 &1731926223 stripped
MonoBehaviour:
  m_PrefabParentObject: {fileID: 11440036, guid: 9ca12ee42ed34184f9d16b3b7542d26f,
    type: 2}
  m_PrefabInternal: {fileID: 1731926222}
  m_Script: {fileID: 11500000, guid: df4d7b0eb1933414b8954e369d1b7924, type: 3}
--- !u!4 &1731926224 stripped
Transform:
  m_PrefabParentObject: {fileID: 408978, guid: 9ca12ee42ed34184f9d16b3b7542d26f, type: 2}
  m_PrefabInternal: {fileID: 1731926222}
--- !u!1001 &1742656407
Prefab:
  m_ObjectHideFlags: 0
  serializedVersion: 2
  m_Modification:
    m_TransformParent: {fileID: 1904860225}
    m_Modifications:
    - target: {fileID: 224000010932093440, guid: e5dfe083c14dbdc41bf9e1ff3146cead,
        type: 2}
      propertyPath: m_LocalPosition.x
      value: 0
      objectReference: {fileID: 0}
    - target: {fileID: 224000010932093440, guid: e5dfe083c14dbdc41bf9e1ff3146cead,
        type: 2}
      propertyPath: m_LocalPosition.y
      value: 0
      objectReference: {fileID: 0}
    - target: {fileID: 224000010932093440, guid: e5dfe083c14dbdc41bf9e1ff3146cead,
        type: 2}
      propertyPath: m_LocalPosition.z
      value: 0
      objectReference: {fileID: 0}
    - target: {fileID: 224000010932093440, guid: e5dfe083c14dbdc41bf9e1ff3146cead,
        type: 2}
      propertyPath: m_LocalRotation.x
      value: 0
      objectReference: {fileID: 0}
    - target: {fileID: 224000010932093440, guid: e5dfe083c14dbdc41bf9e1ff3146cead,
        type: 2}
      propertyPath: m_LocalRotation.y
      value: 0
      objectReference: {fileID: 0}
    - target: {fileID: 224000010932093440, guid: e5dfe083c14dbdc41bf9e1ff3146cead,
        type: 2}
      propertyPath: m_LocalRotation.z
      value: 0
      objectReference: {fileID: 0}
    - target: {fileID: 224000010932093440, guid: e5dfe083c14dbdc41bf9e1ff3146cead,
        type: 2}
      propertyPath: m_LocalRotation.w
      value: 1
      objectReference: {fileID: 0}
    - target: {fileID: 224000010932093440, guid: e5dfe083c14dbdc41bf9e1ff3146cead,
        type: 2}
      propertyPath: m_RootOrder
      value: 6
      objectReference: {fileID: 0}
    - target: {fileID: 224000010932093440, guid: e5dfe083c14dbdc41bf9e1ff3146cead,
        type: 2}
      propertyPath: m_AnchoredPosition.x
      value: 307
      objectReference: {fileID: 0}
    - target: {fileID: 224000010932093440, guid: e5dfe083c14dbdc41bf9e1ff3146cead,
        type: 2}
      propertyPath: m_AnchoredPosition.y
      value: 593
      objectReference: {fileID: 0}
    - target: {fileID: 224000010932093440, guid: e5dfe083c14dbdc41bf9e1ff3146cead,
        type: 2}
      propertyPath: m_SizeDelta.x
      value: 53.333
      objectReference: {fileID: 0}
    - target: {fileID: 224000010932093440, guid: e5dfe083c14dbdc41bf9e1ff3146cead,
        type: 2}
      propertyPath: m_SizeDelta.y
      value: 30
      objectReference: {fileID: 0}
    - target: {fileID: 224000010932093440, guid: e5dfe083c14dbdc41bf9e1ff3146cead,
        type: 2}
      propertyPath: m_AnchorMin.x
      value: 0.5
      objectReference: {fileID: 0}
    - target: {fileID: 224000010932093440, guid: e5dfe083c14dbdc41bf9e1ff3146cead,
        type: 2}
      propertyPath: m_AnchorMin.y
      value: 0.5
      objectReference: {fileID: 0}
    - target: {fileID: 224000010932093440, guid: e5dfe083c14dbdc41bf9e1ff3146cead,
        type: 2}
      propertyPath: m_AnchorMax.x
      value: 0.5
      objectReference: {fileID: 0}
    - target: {fileID: 224000010932093440, guid: e5dfe083c14dbdc41bf9e1ff3146cead,
        type: 2}
      propertyPath: m_AnchorMax.y
      value: 0.5
      objectReference: {fileID: 0}
    - target: {fileID: 224000010932093440, guid: e5dfe083c14dbdc41bf9e1ff3146cead,
        type: 2}
      propertyPath: m_Pivot.x
      value: 0.5
      objectReference: {fileID: 0}
    - target: {fileID: 224000010932093440, guid: e5dfe083c14dbdc41bf9e1ff3146cead,
        type: 2}
      propertyPath: m_Pivot.y
      value: 0.5
      objectReference: {fileID: 0}
    - target: {fileID: 114000010575959786, guid: e5dfe083c14dbdc41bf9e1ff3146cead,
        type: 2}
      propertyPath: m_OnClick.m_PersistentCalls.m_Calls.Array.data[0].m_Target
      value: 
      objectReference: {fileID: 1731926223}
    - target: {fileID: 114000010575959786, guid: e5dfe083c14dbdc41bf9e1ff3146cead,
        type: 2}
      propertyPath: m_OnClick.m_PersistentCalls.m_Calls.Array.data[0].m_MethodName
      value: PauseGame
      objectReference: {fileID: 0}
    m_RemovedComponents: []
  m_ParentPrefab: {fileID: 100100000, guid: e5dfe083c14dbdc41bf9e1ff3146cead, type: 2}
  m_IsPrefabParent: 0
--- !u!1001 &1873702999
Prefab:
  m_ObjectHideFlags: 0
  serializedVersion: 2
  m_Modification:
    m_TransformParent: {fileID: 1424052445}
    m_Modifications:
    - target: {fileID: 4000011032273922, guid: 5e1d9a73100df4b4faa8c26f46925396, type: 2}
      propertyPath: m_LocalPosition.x
      value: 0
      objectReference: {fileID: 0}
    - target: {fileID: 4000011032273922, guid: 5e1d9a73100df4b4faa8c26f46925396, type: 2}
      propertyPath: m_LocalPosition.y
      value: 0
      objectReference: {fileID: 0}
    - target: {fileID: 4000011032273922, guid: 5e1d9a73100df4b4faa8c26f46925396, type: 2}
      propertyPath: m_LocalPosition.z
      value: 0
      objectReference: {fileID: 0}
    - target: {fileID: 4000011032273922, guid: 5e1d9a73100df4b4faa8c26f46925396, type: 2}
      propertyPath: m_LocalRotation.x
      value: 0
      objectReference: {fileID: 0}
    - target: {fileID: 4000011032273922, guid: 5e1d9a73100df4b4faa8c26f46925396, type: 2}
      propertyPath: m_LocalRotation.y
      value: 0
      objectReference: {fileID: 0}
    - target: {fileID: 4000011032273922, guid: 5e1d9a73100df4b4faa8c26f46925396, type: 2}
      propertyPath: m_LocalRotation.z
      value: 0
      objectReference: {fileID: 0}
    - target: {fileID: 4000011032273922, guid: 5e1d9a73100df4b4faa8c26f46925396, type: 2}
      propertyPath: m_LocalRotation.w
      value: 1
      objectReference: {fileID: 0}
    - target: {fileID: 4000011032273922, guid: 5e1d9a73100df4b4faa8c26f46925396, type: 2}
      propertyPath: m_RootOrder
      value: 4
      objectReference: {fileID: 0}
    m_RemovedComponents: []
  m_ParentPrefab: {fileID: 100100000, guid: 5e1d9a73100df4b4faa8c26f46925396, type: 2}
  m_IsPrefabParent: 0
--- !u!4 &1873703000 stripped
Transform:
  m_PrefabParentObject: {fileID: 4000011032273922, guid: 5e1d9a73100df4b4faa8c26f46925396,
    type: 2}
  m_PrefabInternal: {fileID: 1873702999}
--- !u!1001 &1904860224
Prefab:
  m_ObjectHideFlags: 0
  serializedVersion: 2
  m_Modification:
    m_TransformParent: {fileID: 2021717009}
    m_Modifications:
    - target: {fileID: 224000011913284878, guid: 6e893b0f3688cc444a8052f1390cff94,
        type: 2}
      propertyPath: m_LocalPosition.x
      value: 0
      objectReference: {fileID: 0}
    - target: {fileID: 224000011913284878, guid: 6e893b0f3688cc444a8052f1390cff94,
        type: 2}
      propertyPath: m_LocalPosition.y
      value: 0
      objectReference: {fileID: 0}
    - target: {fileID: 224000011913284878, guid: 6e893b0f3688cc444a8052f1390cff94,
        type: 2}
      propertyPath: m_LocalPosition.z
      value: 0
      objectReference: {fileID: 0}
    - target: {fileID: 224000011913284878, guid: 6e893b0f3688cc444a8052f1390cff94,
        type: 2}
      propertyPath: m_LocalRotation.x
      value: 0
      objectReference: {fileID: 0}
    - target: {fileID: 224000011913284878, guid: 6e893b0f3688cc444a8052f1390cff94,
        type: 2}
      propertyPath: m_LocalRotation.y
      value: 0
      objectReference: {fileID: 0}
    - target: {fileID: 224000011913284878, guid: 6e893b0f3688cc444a8052f1390cff94,
        type: 2}
      propertyPath: m_LocalRotation.z
      value: 0
      objectReference: {fileID: 0}
    - target: {fileID: 224000011913284878, guid: 6e893b0f3688cc444a8052f1390cff94,
        type: 2}
      propertyPath: m_LocalRotation.w
      value: 1
      objectReference: {fileID: 0}
    - target: {fileID: 224000011913284878, guid: 6e893b0f3688cc444a8052f1390cff94,
        type: 2}
      propertyPath: m_RootOrder
      value: 5
      objectReference: {fileID: 0}
    - target: {fileID: 224000011913284878, guid: 6e893b0f3688cc444a8052f1390cff94,
        type: 2}
      propertyPath: m_AnchoredPosition.x
      value: 0
      objectReference: {fileID: 0}
    - target: {fileID: 224000011913284878, guid: 6e893b0f3688cc444a8052f1390cff94,
        type: 2}
      propertyPath: m_AnchoredPosition.y
      value: 0
      objectReference: {fileID: 0}
    - target: {fileID: 224000011913284878, guid: 6e893b0f3688cc444a8052f1390cff94,
        type: 2}
      propertyPath: m_SizeDelta.x
      value: 0
      objectReference: {fileID: 0}
    - target: {fileID: 224000011913284878, guid: 6e893b0f3688cc444a8052f1390cff94,
        type: 2}
      propertyPath: m_SizeDelta.y
      value: 0
      objectReference: {fileID: 0}
    - target: {fileID: 224000011913284878, guid: 6e893b0f3688cc444a8052f1390cff94,
        type: 2}
      propertyPath: m_AnchorMin.x
      value: 0
      objectReference: {fileID: 0}
    - target: {fileID: 224000011913284878, guid: 6e893b0f3688cc444a8052f1390cff94,
        type: 2}
      propertyPath: m_AnchorMin.y
      value: 0
      objectReference: {fileID: 0}
    - target: {fileID: 224000011913284878, guid: 6e893b0f3688cc444a8052f1390cff94,
        type: 2}
      propertyPath: m_AnchorMax.x
      value: 0
      objectReference: {fileID: 0}
    - target: {fileID: 224000011913284878, guid: 6e893b0f3688cc444a8052f1390cff94,
        type: 2}
      propertyPath: m_AnchorMax.y
      value: 0
      objectReference: {fileID: 0}
    - target: {fileID: 224000011913284878, guid: 6e893b0f3688cc444a8052f1390cff94,
        type: 2}
      propertyPath: m_Pivot.x
      value: 0
      objectReference: {fileID: 0}
    - target: {fileID: 224000011913284878, guid: 6e893b0f3688cc444a8052f1390cff94,
        type: 2}
      propertyPath: m_Pivot.y
      value: 0
      objectReference: {fileID: 0}
    - target: {fileID: 223000011800838796, guid: 6e893b0f3688cc444a8052f1390cff94,
        type: 2}
      propertyPath: m_Camera
      value: 
      objectReference: {fileID: 1369563114}
    - target: {fileID: 223000011800838796, guid: 6e893b0f3688cc444a8052f1390cff94,
        type: 2}
      propertyPath: m_RenderMode
      value: 1
      objectReference: {fileID: 0}
    - target: {fileID: 223000011800838796, guid: 6e893b0f3688cc444a8052f1390cff94,
        type: 2}
      propertyPath: m_PlaneDistance
      value: 100
      objectReference: {fileID: 0}
    - target: {fileID: 114000011332567066, guid: 6e893b0f3688cc444a8052f1390cff94,
        type: 2}
      propertyPath: m_UiScaleMode
      value: 1
      objectReference: {fileID: 0}
    - target: {fileID: 114000011332567066, guid: 6e893b0f3688cc444a8052f1390cff94,
        type: 2}
      propertyPath: m_ReferenceResolution.x
      value: 720
      objectReference: {fileID: 0}
    - target: {fileID: 114000011332567066, guid: 6e893b0f3688cc444a8052f1390cff94,
        type: 2}
      propertyPath: m_ReferenceResolution.y
      value: 1280
      objectReference: {fileID: 0}
    - target: {fileID: 114000011332567066, guid: 6e893b0f3688cc444a8052f1390cff94,
        type: 2}
      propertyPath: m_MatchWidthOrHeight
      value: 1
      objectReference: {fileID: 0}
    m_RemovedComponents: []
  m_ParentPrefab: {fileID: 100100000, guid: 6e893b0f3688cc444a8052f1390cff94, type: 2}
  m_IsPrefabParent: 0
--- !u!224 &1904860225 stripped
RectTransform:
  m_PrefabParentObject: {fileID: 224000011913284878, guid: 6e893b0f3688cc444a8052f1390cff94,
    type: 2}
  m_PrefabInternal: {fileID: 1904860224}
--- !u!1 &2021717008
GameObject:
  m_ObjectHideFlags: 0
  m_PrefabParentObject: {fileID: 0}
  m_PrefabInternal: {fileID: 0}
  serializedVersion: 4
  m_Component:
  - 4: {fileID: 2021717009}
  - 114: {fileID: 2021717010}
  m_Layer: 0
  m_Name: view
  m_TagString: Untagged
  m_Icon: {fileID: 0}
  m_NavMeshLayer: 0
  m_StaticEditorFlags: 0
  m_IsActive: 1
--- !u!4 &2021717009
Transform:
  m_ObjectHideFlags: 0
  m_PrefabParentObject: {fileID: 0}
  m_PrefabInternal: {fileID: 0}
  m_GameObject: {fileID: 2021717008}
  m_LocalRotation: {x: 0, y: 0, z: 0, w: 1}
  m_LocalPosition: {x: 0, y: 0, z: 0}
  m_LocalScale: {x: 1, y: 1, z: 1}
  m_LocalEulerAnglesHint: {x: 0, y: 0, z: 0}
  m_Children:
  - {fileID: 1369563113}
  - {fileID: 150347047}
  - {fileID: 1731926224}
  - {fileID: 1515856589}
  - {fileID: 1000106255}
  - {fileID: 1904860225}
  m_Father: {fileID: 1668350244}
  m_RootOrder: 2
--- !u!114 &2021717010
MonoBehaviour:
  m_ObjectHideFlags: 0
  m_PrefabParentObject: {fileID: 0}
  m_PrefabInternal: {fileID: 0}
  m_GameObject: {fileID: 2021717008}
  m_Enabled: 1
  m_EditorHideFlags: 0
  m_Script: {fileID: 11500000, guid: 8cc885cfa7058bc4c86b7b2fa90ff785, type: 3}
  m_Name: 
  m_EditorClassIdentifier: 
--- !u!1001 &2115219996
Prefab:
  m_ObjectHideFlags: 0
  serializedVersion: 2
  m_Modification:
    m_TransformParent: {fileID: 1654872386}
    m_Modifications:
    - target: {fileID: 4000010633581466, guid: 831a8d740ee609a4e9526769e819215f, type: 2}
      propertyPath: m_LocalPosition.x
      value: 0
      objectReference: {fileID: 0}
    - target: {fileID: 4000010633581466, guid: 831a8d740ee609a4e9526769e819215f, type: 2}
      propertyPath: m_LocalPosition.y
      value: 0
      objectReference: {fileID: 0}
    - target: {fileID: 4000010633581466, guid: 831a8d740ee609a4e9526769e819215f, type: 2}
      propertyPath: m_LocalPosition.z
      value: 0
      objectReference: {fileID: 0}
    - target: {fileID: 4000010633581466, guid: 831a8d740ee609a4e9526769e819215f, type: 2}
      propertyPath: m_LocalRotation.x
      value: -0
      objectReference: {fileID: 0}
    - target: {fileID: 4000010633581466, guid: 831a8d740ee609a4e9526769e819215f, type: 2}
      propertyPath: m_LocalRotation.y
      value: -0
      objectReference: {fileID: 0}
    - target: {fileID: 4000010633581466, guid: 831a8d740ee609a4e9526769e819215f, type: 2}
      propertyPath: m_LocalRotation.z
      value: -0
      objectReference: {fileID: 0}
    - target: {fileID: 4000010633581466, guid: 831a8d740ee609a4e9526769e819215f, type: 2}
      propertyPath: m_LocalRotation.w
      value: 1
      objectReference: {fileID: 0}
    - target: {fileID: 4000010633581466, guid: 831a8d740ee609a4e9526769e819215f, type: 2}
      propertyPath: m_RootOrder
      value: 0
      objectReference: {fileID: 0}
    m_RemovedComponents: []
  m_ParentPrefab: {fileID: 100100000, guid: 831a8d740ee609a4e9526769e819215f, type: 2}
  m_IsPrefabParent: 0
--- !u!1 &2115219997 stripped
GameObject:
  m_PrefabParentObject: {fileID: 1000010810231732, guid: 831a8d740ee609a4e9526769e819215f,
    type: 2}
  m_PrefabInternal: {fileID: 2115219996}
